[
    {
        "date":"2025-09-27",
        "symbol":"AAPL",
        "reportedCurrency":"USD",
        "cik":"0000320193",
        "filingDate":"2025-10-31",
        "acceptedDate":"2025-10-31 06:01:26",
        "fiscalYear":"2025",
        "period":"Q4",
        "revenue":102466000000,
        "costOfRevenue":54125000000,
        "grossProfit":48341000000,
        "researchAndDevelopmentExpenses":8866000000,
        "generalAndAdministrativeExpenses":0,
        "sellingAndMarketingExpenses":0,
        "sellingGeneralAndAdministrativeExpenses":7048000000,
        "otherExpenses":0,
        "operatingExpenses":15914000000,
        "costAndExpenses":70039000000,
        "netInterestIncome":0,
        "interestIncome":0,
        "interestExpense":0,
        "depreciationAndAmortization":3127000000,
        "ebitda":35931000000,
        "ebit":32804000000,
        "nonOperatingIncomeExcludingInterest":-377000000,
        "operatingIncome":32427000000,
        "totalOtherIncomeExpensesNet":377000000,
        "incomeBeforeTax":32804000000,
        "incomeTaxExpense":5338000000,
        "netIncomeFromContinuingOperations":27466000000,
        "netIncomeFromDiscontinuedOperations":0,
        "otherAdjustmentsToNetIncome":0,
        "netIncome":27466000000,
        "netIncomeDeductions":0,
        "bottomLineNetIncome":27466000000,
        "eps":1.85,
        "epsDiluted":1.84,
        "weightedAverageShsOut":14948500000,
        "weightedAverageShsOutDil":15004697000,
        "symbol_1":"AAPL",
        "reportedCurrency_1":"USD",
        "cik_1":"0000320193",
        "filingDate_1":"2025-10-31",
        "acceptedDate_1":"2025-10-31 06:01:26",
        "fiscalYear_1":"2025",
        "period_1":"Q4",
        "netIncome_1":27466000000,
        "depreciationAndAmortization_1":3127000000,
        "deferredIncomeTax":0,
        "stockBasedCompensation":3183000000,
        "changeInWorkingCapital":-5707000000,
        "accountsReceivables":-25922000000,
        "inventory":177000000,
        "accountsPayables":19381000000,
        "otherWorkingCapital":657000000,
        "otherNonCashItems":1659000000,
        "netCashProvidedByOperatingActivities":29728000000,
        "investmentsInPropertyPlantAndEquipment":-3242000000,
        "acquisitionsNet":0,
        "purchasesOfInvestments":-6816000000,
        "salesMaturitiesOfInvestments":7976000000,
        "otherInvestingActivities":-505000000,
        "netCashProvidedByInvestingActivities":-2587000000,
        "netDebtIssuance":-3217000000,
        "longTermNetDebtIssuance":-1250000000,
        "shortTermNetDebtIssuance":-1967000000,
        "netStockIssuance":-20132000000,
        "netCommonStockIssuance":-20132000000,
        "commonStockIssuance":0,
        "commonStockRepurchased":-20132000000,
        "netPreferredStockIssuance":0,
        "netDividendsPaid":-3862000000,
        "commonDividendsPaid":-3862000000,
        "preferredDividendsPaid":0,
        "otherFinancingActivities":-265000000,
        "netCashProvidedByFinancingActivities":-27476000000,
        "effectOfForexChangesOnCash":0,
        "netChangeInCash":-335000000,
        "cashAtEndOfPeriod":35934000000,
        "cashAtBeginningOfPeriod":36269000000,
        "operatingCashFlow":29728000000,
        "capitalExpenditure":-3242000000,
        "freeCashFlow":26486000000,
        "incomeTaxesPaid":6037000000,
        "interestPaid":0,
        "symbol_2":"AAPL",
        "stockPrice":255.46,
        "numberOfShares":14948500000,
        "marketCapitalization":3818743810000,
        "minusCashAndCashEquivalents":33539000000,
        "addTotalDebt":112377000000,
        "enterpriseValue":3897581810000,
        "revenue_qoq":8.9646518355,
        "revenue_yoy":7.938480986,
        "netIncome_qoq":17.2057693949,
        "netIncome_yoy":86.3870792617,
        "operatingCashFlow_qoq":6.6781497829,
        "operatingCashFlow_yoy":10.8798627429,
        "eps_qoq":17.8343949045,
        "eps_yoy":90.7216494845
    },
    {
        "date":"2025-06-28",
        "symbol":"AAPL",
        "reportedCurrency":"USD",
        "cik":"0000320193",
        "filingDate":"2025-08-01",
        "acceptedDate":"2025-08-01 06:00:42",
        "fiscalYear":"2025",
        "period":"Q3",
        "revenue":94036000000,
        "costOfRevenue":50318000000,
        "grossProfit":43718000000,
        "researchAndDevelopmentExpenses":8866000000,
        "generalAndAdministrativeExpenses":0,
        "sellingAndMarketingExpenses":0,
        "sellingGeneralAndAdministrativeExpenses":6650000000,
        "otherExpenses":0,
        "operatingExpenses":15516000000,
        "costAndExpenses":65834000000,
        "netInterestIncome":0,
        "interestIncome":0,
        "interestExpense":0,
        "depreciationAndAmortization":2830000000,
        "ebitda":31032000000,
        "ebit":28202000000,
        "nonOperatingIncomeExcludingInterest":0,
        "operatingIncome":28202000000,
        "totalOtherIncomeExpensesNet":-171000000,
        "incomeBeforeTax":28031000000,
        "incomeTaxExpense":4597000000,
        "netIncomeFromContinuingOperations":23434000000,
        "netIncomeFromDiscontinuedOperations":0,
        "otherAdjustmentsToNetIncome":0,
        "netIncome":23434000000,
        "netIncomeDeductions":0,
        "bottomLineNetIncome":23434000000,
        "eps":1.57,
        "epsDiluted":1.57,
        "weightedAverageShsOut":14902886000,
        "weightedAverageShsOutDil":14948179000,
        "symbol_1":"AAPL",
        "reportedCurrency_1":"USD",
        "cik_1":"0000320193",
        "filingDate_1":"2025-08-01",
        "acceptedDate_1":"2025-08-01 06:00:42",
        "fiscalYear_1":"2025",
        "period_1":"Q3",
        "netIncome_1":23434000000,
        "depreciationAndAmortization_1":2830000000,
        "deferredIncomeTax":0,
        "stockBasedCompensation":3168000000,
        "changeInWorkingCapital":-2034000000,
        "accountsReceivables":2803000000,
        "inventory":365000000,
        "accountsPayables":-3875000000,
        "otherWorkingCapital":-1327000000,
        "otherNonCashItems":469000000,
        "netCashProvidedByOperatingActivities":27867000000,
        "investmentsInPropertyPlantAndEquipment":-3462000000,
        "acquisitionsNet":0,
        "purchasesOfInvestments":-5149000000,
        "salesMaturitiesOfInvestments":14024000000,
        "otherInvestingActivities":-340000000,
        "netCashProvidedByInvestingActivities":5073000000,
        "netDebtIssuance":2711000000,
        "longTermNetDebtIssuance":-1192000000,
        "shortTermNetDebtIssuance":3903000000,
        "netStockIssuance":-21075000000,
        "netCommonStockIssuance":-21075000000,
        "commonStockIssuance":0,
        "commonStockRepurchased":-21075000000,
        "netPreferredStockIssuance":0,
        "netDividendsPaid":-3945000000,
        "commonDividendsPaid":-3945000000,
        "preferredDividendsPaid":0,
        "otherFinancingActivities":-2524000000,
        "netCashProvidedByFinancingActivities":-24833000000,
        "effectOfForexChangesOnCash":0,
        "netChangeInCash":8107000000,
        "cashAtEndOfPeriod":36269000000,
        "cashAtBeginningOfPeriod":28162000000,
        "operatingCashFlow":27867000000,
        "capitalExpenditure":-3462000000,
        "freeCashFlow":24405000000,
        "incomeTaxesPaid":5649000000,
        "interestPaid":0,
        "symbol_2":"AAPL",
        "stockPrice":201.08,
        "numberOfShares":14902886000,
        "marketCapitalization":2996672316880,
        "minusCashAndCashEquivalents":36269000000,
        "addTotalDebt":101698000000,
        "enterpriseValue":3062101316880,
        "revenue_qoq":-1.38738871,
        "revenue_yoy":9.6284551803,
        "netIncome_qoq":-5.4317998386,
        "netIncome_yoy":9.2596046251,
        "operatingCashFlow_qoq":16.3451903808,
        "operatingCashFlow_yoy":-3.4340564142,
        "eps_qoq":-4.8484848485,
        "eps_yoy":12.1428571429
    },
    {
        "date":"2025-03-29",
        "symbol":"AAPL",
        "reportedCurrency":"USD",
        "cik":"0000320193",
        "filingDate":"2025-05-02",
        "acceptedDate":"2025-05-02 06:00:46",
        "fiscalYear":"2025",
        "period":"Q2",
        "revenue":95359000000,
        "costOfRevenue":50492000000,
        "grossProfit":44867000000,
        "researchAndDevelopmentExpenses":8550000000,
        "generalAndAdministrativeExpenses":0,
        "sellingAndMarketingExpenses":0,
        "sellingGeneralAndAdministrativeExpenses":6728000000,
        "otherExpenses":0,
        "operatingExpenses":15278000000,
        "costAndExpenses":65770000000,
        "netInterestIncome":0,
        "interestIncome":0,
        "interestExpense":0,
        "depreciationAndAmortization":2661000000,
        "ebitda":32250000000,
        "ebit":29589000000,
        "nonOperatingIncomeExcludingInterest":0,
        "operatingIncome":29589000000,
        "totalOtherIncomeExpensesNet":-279000000,
        "incomeBeforeTax":29310000000,
        "incomeTaxExpense":4530000000,
        "netIncomeFromContinuingOperations":24780000000,
        "netIncomeFromDiscontinuedOperations":0,
        "otherAdjustmentsToNetIncome":0,
        "netIncome":24780000000,
        "netIncomeDeductions":0,
        "bottomLineNetIncome":24780000000,
        "eps":1.65,
        "epsDiluted":1.65,
        "weightedAverageShsOut":14994082000,
        "weightedAverageShsOutDil":15056133000,
        "symbol_1":"AAPL",
        "reportedCurrency_1":"USD",
        "cik_1":"0000320193",
        "filingDate_1":"2025-05-02",
        "acceptedDate_1":"2025-05-02 06:00:46",
        "fiscalYear_1":"2025",
        "period_1":"Q2",
        "netIncome_1":24780000000,
        "depreciationAndAmortization_1":2661000000,
        "deferredIncomeTax":0,
        "stockBasedCompensation":3226000000,
        "changeInWorkingCapital":-6507000000,
        "accountsReceivables":9674000000,
        "inventory":643000000,
        "accountsPayables":-7933000000,
        "otherWorkingCapital":-8891000000,
        "otherNonCashItems":-208000000,
        "netCashProvidedByOperatingActivities":23952000000,
        "investmentsInPropertyPlantAndEquipment":-3071000000,
        "acquisitionsNet":0,
        "purchasesOfInvestments":-6318000000,
        "salesMaturitiesOfInvestments":12338000000,
        "otherInvestingActivities":-32000000,
        "netCashProvidedByInvestingActivities":2917000000,
        "netDebtIssuance":976000000,
        "longTermNetDebtIssuance":-3000000000,
        "shortTermNetDebtIssuance":3976000000,
        "netStockIssuance":-25898000000,
        "netCommonStockIssuance":-25898000000,
        "commonStockIssuance":0,
        "commonStockRepurchased":-25898000000,
        "netPreferredStockIssuance":0,
        "netDividendsPaid":-3758000000,
        "commonDividendsPaid":-3758000000,
        "preferredDividendsPaid":0,
        "otherFinancingActivities":-326000000,
        "netCashProvidedByFinancingActivities":-29006000000,
        "effectOfForexChangesOnCash":0,
        "netChangeInCash":-2137000000,
        "cashAtEndOfPeriod":28162000000,
        "cashAtBeginningOfPeriod":30299000000,
        "operatingCashFlow":23952000000,
        "capitalExpenditure":-3071000000,
        "freeCashFlow":20881000000,
        "incomeTaxesPaid":13032000000,
        "interestPaid":0,
        "symbol_2":"AAPL",
        "stockPrice":217.9,
        "numberOfShares":14994082000,
        "marketCapitalization":3267210467800,
        "minusCashAndCashEquivalents":28162000000,
        "addTotalDebt":98186000000,
        "enterpriseValue":3337234467800,
        "revenue_qoq":-23.2831858407,
        "revenue_yoy":5.0753143147,
        "netIncome_qoq":-31.7919075145,
        "netIncome_yoy":4.8400744627,
        "operatingCashFlow_qoq":-19.986637715,
        "operatingCashFlow_yoy":5.5619215513,
        "eps_qoq":-31.5352697095,
        "eps_yoy":7.8431372549
    },
    {
        "date":"2024-12-28",
        "symbol":"AAPL",
        "reportedCurrency":"USD",
        "cik":"0000320193",
        "filingDate":"2025-01-31",
        "acceptedDate":"2025-01-31 06:01:27",
        "fiscalYear":"2025",
        "period":"Q1",
        "revenue":124300000000,
        "costOfRevenue":66025000000,
        "grossProfit":58275000000,
        "researchAndDevelopmentExpenses":8268000000,
        "generalAndAdministrativeExpenses":0,
        "sellingAndMarketingExpenses":0,
        "sellingGeneralAndAdministrativeExpenses":7175000000,
        "otherExpenses":0,
        "operatingExpenses":15443000000,
        "costAndExpenses":81468000000,
        "netInterestIncome":0,
        "interestIncome":0,
        "interestExpense":0,
        "depreciationAndAmortization":3080000000,
        "ebitda":45912000000,
        "ebit":42832000000,
        "nonOperatingIncomeExcludingInterest":0,
        "operatingIncome":42832000000,
        "totalOtherIncomeExpensesNet":-248000000,
        "incomeBeforeTax":42584000000,
        "incomeTaxExpense":6254000000,
        "netIncomeFromContinuingOperations":36330000000,
        "netIncomeFromDiscontinuedOperations":0,
        "otherAdjustmentsToNetIncome":0,
        "netIncome":36330000000,
        "netIncomeDeductions":0,
        "bottomLineNetIncome":36330000000,
        "eps":2.41,
        "epsDiluted":2.4,
        "weightedAverageShsOut":15081724000,
        "weightedAverageShsOutDil":15150865000,
        "symbol_1":"AAPL",
        "reportedCurrency_1":"USD",
        "cik_1":"0000320193",
        "filingDate_1":"2025-01-31",
        "acceptedDate_1":"2025-01-31 06:01:27",
        "fiscalYear_1":"2025",
        "period_1":"Q1",
        "netIncome_1":36330000000,
        "depreciationAndAmortization_1":3080000000,
        "deferredIncomeTax":0,
        "stockBasedCompensation":3286000000,
        "changeInWorkingCapital":-10752000000,
        "accountsReceivables":6763000000,
        "inventory":215000000,
        "accountsPayables":-6671000000,
        "otherWorkingCapital":-11059000000,
        "otherNonCashItems":-2009000000,
        "netCashProvidedByOperatingActivities":29935000000,
        "investmentsInPropertyPlantAndEquipment":-2940000000,
        "acquisitionsNet":0,
        "purchasesOfInvestments":-6124000000,
        "salesMaturitiesOfInvestments":19459000000,
        "otherInvestingActivities":-603000000,
        "netCashProvidedByInvestingActivities":9792000000,
        "netDebtIssuance":-8953000000,
        "longTermNetDebtIssuance":-1009000000,
        "shortTermNetDebtIssuance":-7944000000,
        "netStockIssuance":-23606000000,
        "netCommonStockIssuance":-23606000000,
        "commonStockIssuance":0,
        "commonStockRepurchased":-23606000000,
        "netPreferredStockIssuance":0,
        "netDividendsPaid":-3856000000,
        "commonDividendsPaid":-3856000000,
        "preferredDividendsPaid":0,
        "otherFinancingActivities":-2956000000,
        "netCashProvidedByFinancingActivities":-39371000000,
        "effectOfForexChangesOnCash":0,
        "netChangeInCash":356000000,
        "cashAtEndOfPeriod":30299000000,
        "cashAtBeginningOfPeriod":29943000000,
        "operatingCashFlow":29935000000,
        "capitalExpenditure":-2940000000,
        "freeCashFlow":26995000000,
        "incomeTaxesPaid":18651000000,
        "interestPaid":0,
        "symbol_2":"AAPL",
        "stockPrice":255.59,
        "numberOfShares":15081724000,
        "marketCapitalization":3854737837160,
        "minusCashAndCashEquivalents":30299000000,
        "addTotalDebt":96799000000,
        "enterpriseValue":3921237837160,
        "revenue_qoq":30.9385863268,
        "revenue_yoy":3.9514948777,
        "netIncome_qoq":146.5390879479,
        "netIncome_yoy":7.1175846208,
        "operatingCashFlow_qoq":11.6519339077,
        "operatingCashFlow_yoy":-24.9655345281,
        "eps_qoq":148.4536082474,
        "eps_yoy":10.0456621005
    },
    {
        "date":"2024-09-28",
        "symbol":"AAPL",
        "reportedCurrency":"USD",
        "cik":"0000320193",
        "filingDate":"2024-11-01",
        "acceptedDate":"2024-11-01 06:01:36",
        "fiscalYear":"2024",
        "period":"Q4",
        "revenue":94930000000,
        "costOfRevenue":51051000000,
        "grossProfit":43879000000,
        "researchAndDevelopmentExpenses":7765000000,
        "generalAndAdministrativeExpenses":0,
        "sellingAndMarketingExpenses":0,
        "sellingGeneralAndAdministrativeExpenses":6523000000,
        "otherExpenses":0,
        "operatingExpenses":14288000000,
        "costAndExpenses":65339000000,
        "netInterestIncome":0,
        "interestIncome":0,
        "interestExpense":0,
        "depreciationAndAmortization":2911000000,
        "ebitda":32502000000,
        "ebit":29591000000,
        "nonOperatingIncomeExcludingInterest":0,
        "operatingIncome":29591000000,
        "totalOtherIncomeExpensesNet":19000000,
        "incomeBeforeTax":29610000000,
        "incomeTaxExpense":14874000000,
        "netIncomeFromContinuingOperations":14736000000,
        "netIncomeFromDiscontinuedOperations":0,
        "otherAdjustmentsToNetIncome":0,
        "netIncome":14736000000,
        "netIncomeDeductions":0,
        "bottomLineNetIncome":14736000000,
        "eps":0.97,
        "epsDiluted":0.97,
        "weightedAverageShsOut":15171990000,
        "weightedAverageShsOutDil":15242853000,
        "symbol_1":"AAPL",
        "reportedCurrency_1":"USD",
        "cik_1":"0000320193",
        "filingDate_1":"2024-11-01",
        "acceptedDate_1":"2024-11-01 06:01:36",
        "fiscalYear_1":"2024",
        "period_1":"Q4",
        "netIncome_1":14736000000,
        "depreciationAndAmortization_1":2911000000,
        "deferredIncomeTax":0,
        "stockBasedCompensation":2858000000,
        "changeInWorkingCapital":6608000000,
        "accountsReceivables":-22941000000,
        "inventory":-1087000000,
        "accountsPayables":21191000000,
        "otherWorkingCapital":9445000000,
        "otherNonCashItems":-302000000,
        "netCashProvidedByOperatingActivities":26811000000,
        "investmentsInPropertyPlantAndEquipment":-2908000000,
        "acquisitionsNet":0,
        "purchasesOfInvestments":-10582000000,
        "salesMaturitiesOfInvestments":15126000000,
        "otherInvestingActivities":-191000000,
        "netCashProvidedByInvestingActivities":1445000000,
        "netDebtIssuance":4387000000,
        "longTermNetDebtIssuance":-2558000000,
        "shortTermNetDebtIssuance":6945000000,
        "netStockIssuance":-25083000000,
        "netCommonStockIssuance":-25083000000,
        "commonStockIssuance":0,
        "commonStockRepurchased":-25083000000,
        "netPreferredStockIssuance":0,
        "netDividendsPaid":-3804000000,
        "commonDividendsPaid":-3804000000,
        "preferredDividendsPaid":0,
        "otherFinancingActivities":-448000000,
        "netCashProvidedByFinancingActivities":-24948000000,
        "effectOfForexChangesOnCash":0,
        "netChangeInCash":3308000000,
        "cashAtEndOfPeriod":29943000000,
        "cashAtBeginningOfPeriod":26635000000,
        "operatingCashFlow":26811000000,
        "capitalExpenditure":-2908000000,
        "freeCashFlow":23903000000,
        "incomeTaxesPaid":6872000000,
        "interestPaid":0,
        "symbol_2":"AAPL",
        "stockPrice":227.79,
        "numberOfShares":15171990000,
        "marketCapitalization":3456027602100,
        "minusCashAndCashEquivalents":29943000000,
        "addTotalDebt":119059000000,
        "enterpriseValue":3545143602100,
        "revenue_qoq":10.6706926099,
        "revenue_yoy":6.0694093723,
        "netIncome_qoq":-31.2942931742,
        "netIncome_yoy":-35.8076319916,
        "operatingCashFlow_qoq":-7.0933536628,
        "operatingCashFlow_yoy":24.1364941198,
        "eps_qoq":-30.7142857143,
        "eps_yoy":-34.0136054422
    },
    {
        "date":"2024-06-29",
        "symbol":"AAPL",
        "reportedCurrency":"USD",
        "cik":"0000320193",
        "filingDate":"2024-08-02",
        "acceptedDate":"2024-08-01 18:03:34",
        "fiscalYear":"2024",
        "period":"Q3",
        "revenue":85777000000,
        "costOfRevenue":46099000000,
        "grossProfit":39678000000,
        "researchAndDevelopmentExpenses":8006000000,
        "generalAndAdministrativeExpenses":0,
        "sellingAndMarketingExpenses":0,
        "sellingGeneralAndAdministrativeExpenses":6320000000,
        "otherExpenses":0,
        "operatingExpenses":14326000000,
        "costAndExpenses":60425000000,
        "netInterestIncome":0,
        "interestIncome":0,
        "interestExpense":0,
        "depreciationAndAmortization":2850000000,
        "ebitda":28202000000,
        "ebit":25352000000,
        "nonOperatingIncomeExcludingInterest":0,
        "operatingIncome":25352000000,
        "totalOtherIncomeExpensesNet":142000000,
        "incomeBeforeTax":25494000000,
        "incomeTaxExpense":4046000000,
        "netIncomeFromContinuingOperations":21448000000,
        "netIncomeFromDiscontinuedOperations":0,
        "otherAdjustmentsToNetIncome":0,
        "netIncome":21448000000,
        "netIncomeDeductions":0,
        "bottomLineNetIncome":21448000000,
        "eps":1.4,
        "epsDiluted":1.4,
        "weightedAverageShsOut":15287521000,
        "weightedAverageShsOutDil":15348175000,
        "symbol_1":"AAPL",
        "reportedCurrency_1":"USD",
        "cik_1":"0000320193",
        "filingDate_1":"2024-08-02",
        "acceptedDate_1":"2024-08-01 18:03:34",
        "fiscalYear_1":"2024",
        "period_1":"Q3",
        "netIncome_1":21448000000,
        "depreciationAndAmortization_1":2850000000,
        "deferredIncomeTax":0,
        "stockBasedCompensation":2869000000,
        "changeInWorkingCapital":1684000000,
        "accountsReceivables":-2094000000,
        "inventory":-12000000,
        "accountsPayables":1539000000,
        "otherWorkingCapital":2251000000,
        "otherNonCashItems":7000000,
        "netCashProvidedByOperatingActivities":28858000000,
        "investmentsInPropertyPlantAndEquipment":-2151000000,
        "acquisitionsNet":0,
        "purchasesOfInvestments":-13032000000,
        "salesMaturitiesOfInvestments":15444000000,
        "otherInvestingActivities":-388000000,
        "netCashProvidedByInvestingActivities":-127000000,
        "netDebtIssuance":-3253000000,
        "longTermNetDebtIssuance":-4250000000,
        "shortTermNetDebtIssuance":997000000,
        "netStockIssuance":-26522000000,
        "netCommonStockIssuance":-26522000000,
        "commonStockIssuance":0,
        "commonStockRepurchased":-26522000000,
        "netPreferredStockIssuance":0,
        "netDividendsPaid":-3895000000,
        "commonDividendsPaid":-3895000000,
        "preferredDividendsPaid":0,
        "otherFinancingActivities":-2347000000,
        "netCashProvidedByFinancingActivities":-36017000000,
        "effectOfForexChangesOnCash":0,
        "netChangeInCash":-7286000000,
        "cashAtEndOfPeriod":26635000000,
        "cashAtBeginningOfPeriod":33921000000,
        "operatingCashFlow":28858000000,
        "capitalExpenditure":-2151000000,
        "freeCashFlow":26707000000,
        "incomeTaxesPaid":4699000000,
        "interestPaid":0,
        "symbol_2":"AAPL",
        "stockPrice":210.62,
        "numberOfShares":15287521000,
        "marketCapitalization":3219857673020,
        "minusCashAndCashEquivalents":25565000000,
        "addTotalDebt":101304000000,
        "enterpriseValue":3295596673020,
        "revenue_qoq":-5.4830143356,
        "revenue_yoy":4.8657041212,
        "netIncome_qoq":-9.2570654933,
        "netIncome_yoy":7.8818972889,
        "operatingCashFlow_qoq":27.1837814015,
        "operatingCashFlow_yoy":9.393479909,
        "eps_qoq":-8.4967320261,
        "eps_yoy":10.2362204724
    },
    {
        "date":"2024-03-30",
        "symbol":"AAPL",
        "reportedCurrency":"USD",
        "cik":"0000320193",
        "filingDate":"2024-05-03",
        "acceptedDate":"2024-05-02 18:04:25",
        "fiscalYear":"2024",
        "period":"Q2",
        "revenue":90753000000,
        "costOfRevenue":48482000000,
        "grossProfit":42271000000,
        "researchAndDevelopmentExpenses":7903000000,
        "generalAndAdministrativeExpenses":0,
        "sellingAndMarketingExpenses":0,
        "sellingGeneralAndAdministrativeExpenses":6468000000,
        "otherExpenses":0,
        "operatingExpenses":14371000000,
        "costAndExpenses":62853000000,
        "netInterestIncome":0,
        "interestIncome":0,
        "interestExpense":0,
        "depreciationAndAmortization":2836000000,
        "ebitda":30736000000,
        "ebit":27900000000,
        "nonOperatingIncomeExcludingInterest":0,
        "operatingIncome":27900000000,
        "totalOtherIncomeExpensesNet":158000000,
        "incomeBeforeTax":28058000000,
        "incomeTaxExpense":4422000000,
        "netIncomeFromContinuingOperations":23636000000,
        "netIncomeFromDiscontinuedOperations":0,
        "otherAdjustmentsToNetIncome":0,
        "netIncome":23636000000,
        "netIncomeDeductions":0,
        "bottomLineNetIncome":23636000000,
        "eps":1.53,
        "epsDiluted":1.53,
        "weightedAverageShsOut":15405856000,
        "weightedAverageShsOutDil":15464709000,
        "symbol_1":"AAPL",
        "reportedCurrency_1":"USD",
        "cik_1":"0000320193",
        "filingDate_1":"2024-05-03",
        "acceptedDate_1":"2024-05-02 18:04:25",
        "fiscalYear_1":"2024",
        "period_1":"Q2",
        "netIncome_1":23636000000,
        "depreciationAndAmortization_1":2836000000,
        "deferredIncomeTax":0,
        "stockBasedCompensation":2964000000,
        "changeInWorkingCapital":-5764000000,
        "accountsReceivables":8767000000,
        "inventory":190000000,
        "accountsPayables":-12168000000,
        "otherWorkingCapital":-2553000000,
        "otherNonCashItems":-982000000,
        "netCashProvidedByOperatingActivities":22690000000,
        "investmentsInPropertyPlantAndEquipment":-1996000000,
        "acquisitionsNet":0,
        "purchasesOfInvestments":-15262000000,
        "salesMaturitiesOfInvestments":17393000000,
        "otherInvestingActivities":-445000000,
        "netCashProvidedByInvestingActivities":-310000000,
        "netDebtIssuance":-3148000000,
        "longTermNetDebtIssuance":-3150000000,
        "shortTermNetDebtIssuance":2000000,
        "netStockIssuance":-23205000000,
        "netCommonStockIssuance":-23205000000,
        "commonStockIssuance":0,
        "commonStockRepurchased":-23205000000,
        "netPreferredStockIssuance":0,
        "netDividendsPaid":-3710000000,
        "commonDividendsPaid":-3710000000,
        "preferredDividendsPaid":0,
        "otherFinancingActivities":-370000000,
        "netCashProvidedByFinancingActivities":-30433000000,
        "effectOfForexChangesOnCash":0,
        "netChangeInCash":-8053000000,
        "cashAtEndOfPeriod":33921000000,
        "cashAtBeginningOfPeriod":41974000000,
        "operatingCashFlow":22690000000,
        "capitalExpenditure":-1996000000,
        "freeCashFlow":20694000000,
        "incomeTaxesPaid":7276000000,
        "interestPaid":0,
        "symbol_2":"AAPL",
        "stockPrice":171.48,
        "numberOfShares":15405856000,
        "marketCapitalization":2641796186880,
        "minusCashAndCashEquivalents":32695000000,
        "addTotalDebt":104590000000,
        "enterpriseValue":2713691186880,
        "revenue_qoq":-24.1037006063,
        "revenue_yoy":-4.305327091,
        "netIncome_qoq":-30.310178087,
        "netIncome_yoy":-2.1688741722,
        "operatingCashFlow_qoq":-43.1257049756,
        "operatingCashFlow_yoy":-20.5532212885,
        "eps_qoq":-30.1369863014,
        "eps_yoy":0.0
    },
    {
        "date":"2023-12-30",
        "symbol":"AAPL",
        "reportedCurrency":"USD",
        "cik":"0000320193",
        "filingDate":"2024-02-02",
        "acceptedDate":"2024-02-01 18:03:38",
        "fiscalYear":"2024",
        "period":"Q1",
        "revenue":119575000000,
        "costOfRevenue":64720000000,
        "grossProfit":54855000000,
        "researchAndDevelopmentExpenses":7696000000,
        "generalAndAdministrativeExpenses":0,
        "sellingAndMarketingExpenses":0,
        "sellingGeneralAndAdministrativeExpenses":6786000000,
        "otherExpenses":0,
        "operatingExpenses":14482000000,
        "costAndExpenses":79202000000,
        "netInterestIncome":0,
        "interestIncome":0,
        "interestExpense":0,
        "depreciationAndAmortization":2848000000,
        "ebitda":43221000000,
        "ebit":40373000000,
        "nonOperatingIncomeExcludingInterest":0,
        "operatingIncome":40373000000,
        "totalOtherIncomeExpensesNet":-50000000,
        "incomeBeforeTax":40323000000,
        "incomeTaxExpense":6407000000,
        "netIncomeFromContinuingOperations":33916000000,
        "netIncomeFromDiscontinuedOperations":0,
        "otherAdjustmentsToNetIncome":0,
        "netIncome":33916000000,
        "netIncomeDeductions":0,
        "bottomLineNetIncome":33916000000,
        "eps":2.19,
        "epsDiluted":2.18,
        "weightedAverageShsOut":15509763000,
        "weightedAverageShsOutDil":15576641000,
        "symbol_1":"AAPL",
        "reportedCurrency_1":"USD",
        "cik_1":"0000320193",
        "filingDate_1":"2024-02-02",
        "acceptedDate_1":"2024-02-01 18:03:38",
        "fiscalYear_1":"2024",
        "period_1":"Q1",
        "netIncome_1":33916000000,
        "depreciationAndAmortization_1":2848000000,
        "deferredIncomeTax":0,
        "stockBasedCompensation":2997000000,
        "changeInWorkingCapital":1123000000,
        "accountsReceivables":11124000000,
        "inventory":-137000000,
        "accountsPayables":-4542000000,
        "otherWorkingCapital":-5322000000,
        "otherNonCashItems":-989000000,
        "netCashProvidedByOperatingActivities":39895000000,
        "investmentsInPropertyPlantAndEquipment":-2392000000,
        "acquisitionsNet":0,
        "purchasesOfInvestments":-9780000000,
        "salesMaturitiesOfInvestments":14383000000,
        "otherInvestingActivities":-284000000,
        "netCashProvidedByInvestingActivities":1927000000,
        "netDebtIssuance":-3984000000,
        "longTermNetDebtIssuance":0,
        "shortTermNetDebtIssuance":-3984000000,
        "netStockIssuance":-20139000000,
        "netCommonStockIssuance":-20139000000,
        "commonStockIssuance":0,
        "commonStockRepurchased":-20139000000,
        "netPreferredStockIssuance":0,
        "netDividendsPaid":-3825000000,
        "commonDividendsPaid":-3825000000,
        "preferredDividendsPaid":0,
        "otherFinancingActivities":-2637000000,
        "netCashProvidedByFinancingActivities":-30585000000,
        "effectOfForexChangesOnCash":0,
        "netChangeInCash":11237000000,
        "cashAtEndOfPeriod":41974000000,
        "cashAtBeginningOfPeriod":30737000000,
        "operatingCashFlow":39895000000,
        "capitalExpenditure":-2392000000,
        "freeCashFlow":37503000000,
        "incomeTaxesPaid":7255000000,
        "interestPaid":0,
        "symbol_2":"AAPL",
        "stockPrice":192.53,
        "numberOfShares":15509763000,
        "marketCapitalization":2986094670390,
        "minusCashAndCashEquivalents":40760000000,
        "addTotalDebt":108040000000,
        "enterpriseValue":3053374670390,
        "revenue_qoq":33.6063375718,
        "revenue_yoy":2.0665107465,
        "netIncome_qoq":47.7435093222,
        "netIncome_yoy":13.0608707247,
        "operatingCashFlow_qoq":84.7161774238,
        "operatingCashFlow_yoy":17.3209822085,
        "eps_qoq":48.9795918367,
        "eps_yoy":15.873015873
    },
    {
        "date":"2023-09-30",
        "symbol":"AAPL",
        "reportedCurrency":"USD",
        "cik":"0000320193",
        "filingDate":"2023-11-03",
        "acceptedDate":"2023-11-02 18:08:27",
        "fiscalYear":"2023",
        "period":"Q4",
        "revenue":89498000000,
        "costOfRevenue":49071000000,
        "grossProfit":40427000000,
        "researchAndDevelopmentExpenses":7307000000,
        "generalAndAdministrativeExpenses":0,
        "sellingAndMarketingExpenses":0,
        "sellingGeneralAndAdministrativeExpenses":6151000000,
        "otherExpenses":0,
        "operatingExpenses":13458000000,
        "costAndExpenses":62529000000,
        "netInterestIncome":-18000000,
        "interestIncome":984000000,
        "interestExpense":1002000000,
        "depreciationAndAmortization":2653000000,
        "ebitda":30653000000,
        "ebit":28000000000,
        "nonOperatingIncomeExcludingInterest":-1031000000,
        "operatingIncome":26969000000,
        "totalOtherIncomeExpensesNet":29000000,
        "incomeBeforeTax":26998000000,
        "incomeTaxExpense":4042000000,
        "netIncomeFromContinuingOperations":22956000000,
        "netIncomeFromDiscontinuedOperations":0,
        "otherAdjustmentsToNetIncome":0,
        "netIncome":22956000000,
        "netIncomeDeductions":0,
        "bottomLineNetIncome":22956000000,
        "eps":1.47,
        "epsDiluted":1.46,
        "weightedAverageShsOut":15599434000,
        "weightedAverageShsOutDil":15672400000,
        "symbol_1":"AAPL",
        "reportedCurrency_1":"USD",
        "cik_1":"0000320193",
        "filingDate_1":"2023-11-03",
        "acceptedDate_1":"2023-11-02 18:08:27",
        "fiscalYear_1":"2023",
        "period_1":"Q4",
        "netIncome_1":22956000000,
        "depreciationAndAmortization_1":2653000000,
        "deferredIncomeTax":0,
        "stockBasedCompensation":2625000000,
        "changeInWorkingCapital":-6060000000,
        "accountsReceivables":-21137000000,
        "inventory":952000000,
        "accountsPayables":14901000000,
        "otherWorkingCapital":-776000000,
        "otherNonCashItems":-576000000,
        "netCashProvidedByOperatingActivities":21598000000,
        "investmentsInPropertyPlantAndEquipment":-2163000000,
        "acquisitionsNet":0,
        "purchasesOfInvestments":-8557000000,
        "salesMaturitiesOfInvestments":13698000000,
        "otherInvestingActivities":-584000000,
        "netCashProvidedByInvestingActivities":2394000000,
        "netDebtIssuance":1993000000,
        "longTermNetDebtIssuance":0,
        "shortTermNetDebtIssuance":1993000000,
        "netStockIssuance":-21003000000,
        "netCommonStockIssuance":-21003000000,
        "commonStockIssuance":0,
        "commonStockRepurchased":-21003000000,
        "netPreferredStockIssuance":0,
        "netDividendsPaid":-3758000000,
        "commonDividendsPaid":-3758000000,
        "preferredDividendsPaid":0,
        "otherFinancingActivities":-385000000,
        "netCashProvidedByFinancingActivities":-23153000000,
        "effectOfForexChangesOnCash":0,
        "netChangeInCash":839000000,
        "cashAtEndOfPeriod":30737000000,
        "cashAtBeginningOfPeriod":29898000000,
        "operatingCashFlow":21598000000,
        "capitalExpenditure":-2163000000,
        "freeCashFlow":19435000000,
        "incomeTaxesPaid":11659000000,
        "interestPaid":1213000000,
        "symbol_2":"AAPL",
        "stockPrice":171.21,
        "numberOfShares":15599434000,
        "marketCapitalization":2670779095140,
        "minusCashAndCashEquivalents":29965000000,
        "addTotalDebt":123930000000,
        "enterpriseValue":2764744095140,
        "revenue_qoq":9.4147707129,
        "revenue_yoy":-0.7188338917,
        "netIncome_qoq":15.4670288215,
        "netIncome_yoy":10.7861589692,
        "operatingCashFlow_qoq":-18.1273692191,
        "operatingCashFlow_yoy":-10.4820325776,
        "eps_qoq":15.7480314961,
        "eps_yoy":13.9534883721
    },
    {
        "date":"2023-07-01",
        "symbol":"AAPL",
        "reportedCurrency":"USD",
        "cik":"0000320193",
        "filingDate":"2023-08-04",
        "acceptedDate":"2023-08-03 18:04:43",
        "fiscalYear":"2023",
        "period":"Q3",
        "revenue":81797000000,
        "costOfRevenue":45384000000,
        "grossProfit":36413000000,
        "researchAndDevelopmentExpenses":7442000000,
        "generalAndAdministrativeExpenses":0,
        "sellingAndMarketingExpenses":0,
        "sellingGeneralAndAdministrativeExpenses":5973000000,
        "otherExpenses":0,
        "operatingExpenses":13415000000,
        "costAndExpenses":58799000000,
        "netInterestIncome":-18000000,
        "interestIncome":980000000,
        "interestExpense":998000000,
        "depreciationAndAmortization":3052000000,
        "ebitda":26050000000,
        "ebit":22998000000,
        "nonOperatingIncomeExcludingInterest":0,
        "operatingIncome":22998000000,
        "totalOtherIncomeExpensesNet":-265000000,
        "incomeBeforeTax":22733000000,
        "incomeTaxExpense":2852000000,
        "netIncomeFromContinuingOperations":19881000000,
        "netIncomeFromDiscontinuedOperations":0,
        "otherAdjustmentsToNetIncome":0,
        "netIncome":19881000000,
        "netIncomeDeductions":0,
        "bottomLineNetIncome":19881000000,
        "eps":1.27,
        "epsDiluted":1.26,
        "weightedAverageShsOut":15697614000,
        "weightedAverageShsOutDil":15775021000,
        "symbol_1":"AAPL",
        "reportedCurrency_1":"USD",
        "cik_1":"0000320193",
        "filingDate_1":"2023-08-04",
        "acceptedDate_1":"2023-08-03 18:04:43",
        "fiscalYear_1":"2023",
        "period_1":"Q3",
        "netIncome_1":19881000000,
        "depreciationAndAmortization_1":3052000000,
        "deferredIncomeTax":0,
        "stockBasedCompensation":2617000000,
        "changeInWorkingCapital":749000000,
        "accountsReceivables":-3661000000,
        "inventory":-22000000,
        "accountsPayables":3974000000,
        "otherWorkingCapital":458000000,
        "otherNonCashItems":81000000,
        "netCashProvidedByOperatingActivities":26380000000,
        "investmentsInPropertyPlantAndEquipment":-2093000000,
        "acquisitionsNet":0,
        "purchasesOfInvestments":-9759000000,
        "salesMaturitiesOfInvestments":12795000000,
        "otherInvestingActivities":-506000000,
        "netCashProvidedByInvestingActivities":437000000,
        "netDebtIssuance":-283000000,
        "longTermNetDebtIssuance":-2272000000,
        "shortTermNetDebtIssuance":1989000000,
        "netStockIssuance":-19863000000,
        "netCommonStockIssuance":-17478000000,
        "commonStockIssuance":0,
        "commonStockRepurchased":-17478000000,
        "netPreferredStockIssuance":-2385000000,
        "netDividendsPaid":-3849000000,
        "commonDividendsPaid":-3849000000,
        "preferredDividendsPaid":0,
        "otherFinancingActivities":-53000000,
        "netCashProvidedByFinancingActivities":-24048000000,
        "effectOfForexChangesOnCash":0,
        "netChangeInCash":2769000000,
        "cashAtEndOfPeriod":29898000000,
        "cashAtBeginningOfPeriod":27129000000,
        "operatingCashFlow":26380000000,
        "capitalExpenditure":-2093000000,
        "freeCashFlow":24287000000,
        "incomeTaxesPaid":2126000000,
        "interestPaid":717000000,
        "symbol_2":"AAPL",
        "stockPrice":193.97,
        "numberOfShares":15697614000,
        "marketCapitalization":3044866187580,
        "minusCashAndCashEquivalents":28408000000,
        "addTotalDebt":109280000000,
        "enterpriseValue":3125738187580,
        "revenue_qoq":-13.7489982707,
        "revenue_yoy":-1.4006919081,
        "netIncome_qoq":-17.7110927152,
        "netIncome_yoy":2.2579981483,
        "operatingCashFlow_qoq":-7.6330532213,
        "operatingCashFlow_yoy":15.236763935,
        "eps_qoq":-16.9934640523,
        "eps_yoy":5.8333333333
    },
    {
        "date":"2023-04-01",
        "symbol":"AAPL",
        "reportedCurrency":"USD",
        "cik":"0000320193",
        "filingDate":"2023-05-05",
        "acceptedDate":"2023-05-04 18:03:52",
        "fiscalYear":"2023",
        "period":"Q2",
        "revenue":94836000000,
        "costOfRevenue":52860000000,
        "grossProfit":41976000000,
        "researchAndDevelopmentExpenses":7457000000,
        "generalAndAdministrativeExpenses":0,
        "sellingAndMarketingExpenses":0,
        "sellingGeneralAndAdministrativeExpenses":6201000000,
        "otherExpenses":0,
        "operatingExpenses":13658000000,
        "costAndExpenses":66518000000,
        "netInterestIncome":-12000000,
        "interestIncome":918000000,
        "interestExpense":930000000,
        "depreciationAndAmortization":2898000000,
        "ebitda":31216000000,
        "ebit":28318000000,
        "nonOperatingIncomeExcludingInterest":0,
        "operatingIncome":28318000000,
        "totalOtherIncomeExpensesNet":64000000,
        "incomeBeforeTax":28382000000,
        "incomeTaxExpense":4222000000,
        "netIncomeFromContinuingOperations":24160000000,
        "netIncomeFromDiscontinuedOperations":0,
        "otherAdjustmentsToNetIncome":0,
        "netIncome":24160000000,
        "netIncomeDeductions":0,
        "bottomLineNetIncome":24160000000,
        "eps":1.53,
        "epsDiluted":1.52,
        "weightedAverageShsOut":15787154000,
        "weightedAverageShsOutDil":15847050000,
        "symbol_1":"AAPL",
        "reportedCurrency_1":"USD",
        "cik_1":"0000320193",
        "filingDate_1":"2023-05-05",
        "acceptedDate_1":"2023-05-04 18:03:52",
        "fiscalYear_1":"2023",
        "period_1":"Q2",
        "netIncome_1":24160000000,
        "depreciationAndAmortization_1":2898000000,
        "deferredIncomeTax":0,
        "stockBasedCompensation":2686000000,
        "changeInWorkingCapital":231000000,
        "accountsReceivables":17786000000,
        "inventory":-741000000,
        "accountsPayables":-14689000000,
        "otherWorkingCapital":-2125000000,
        "otherNonCashItems":-1415000000,
        "netCashProvidedByOperatingActivities":28560000000,
        "investmentsInPropertyPlantAndEquipment":-2916000000,
        "acquisitionsNet":0,
        "purchasesOfInvestments":-6044000000,
        "salesMaturitiesOfInvestments":11385000000,
        "otherInvestingActivities":-106000000,
        "netCashProvidedByInvestingActivities":2319000000,
        "netDebtIssuance":-1996000000,
        "longTermNetDebtIssuance":-2250000000,
        "shortTermNetDebtIssuance":254000000,
        "netStockIssuance":-20012000000,
        "netCommonStockIssuance":-19594000000,
        "commonStockIssuance":0,
        "commonStockRepurchased":-19594000000,
        "netPreferredStockIssuance":-418000000,
        "netDividendsPaid":-3650000000,
        "commonDividendsPaid":-3650000000,
        "preferredDividendsPaid":0,
        "otherFinancingActivities":-66000000,
        "netCashProvidedByFinancingActivities":-25724000000,
        "effectOfForexChangesOnCash":0,
        "netChangeInCash":5155000000,
        "cashAtEndOfPeriod":27129000000,
        "cashAtBeginningOfPeriod":21974000000,
        "operatingCashFlow":28560000000,
        "capitalExpenditure":-2916000000,
        "freeCashFlow":25644000000,
        "incomeTaxesPaid":4066000000,
        "interestPaid":1170000000,
        "symbol_2":"AAPL",
        "stockPrice":164.9,
        "numberOfShares":15787154000,
        "marketCapitalization":2603301694600,
        "minusCashAndCashEquivalents":24687000000,
        "addTotalDebt":109615000000,
        "enterpriseValue":2688229694600,
        "revenue_qoq":-19.0501391331,
        "revenue_yoy":-2.5103312157,
        "netIncome_qoq":-19.4612974198,
        "netIncome_yoy":-3.3986405438,
        "operatingCashFlow_qoq":-16.0123511248,
        "operatingCashFlow_yoy":1.3988496769,
        "eps_qoq":-19.0476190476,
        "eps_yoy":-0.6493506494
    },
    {
        "date":"2022-12-31",
        "symbol":"AAPL",
        "reportedCurrency":"USD",
        "cik":"0000320193",
        "filingDate":"2023-02-03",
        "acceptedDate":"2023-02-02 18:01:30",
        "fiscalYear":"2023",
        "period":"Q1",
        "revenue":117154000000,
        "costOfRevenue":66822000000,
        "grossProfit":50332000000,
        "researchAndDevelopmentExpenses":7709000000,
        "generalAndAdministrativeExpenses":0,
        "sellingAndMarketingExpenses":0,
        "sellingGeneralAndAdministrativeExpenses":6607000000,
        "otherExpenses":0,
        "operatingExpenses":14316000000,
        "costAndExpenses":81138000000,
        "netInterestIncome":-135000000,
        "interestIncome":868000000,
        "interestExpense":1003000000,
        "depreciationAndAmortization":2916000000,
        "ebitda":38932000000,
        "ebit":36016000000,
        "nonOperatingIncomeExcludingInterest":0,
        "operatingIncome":36016000000,
        "totalOtherIncomeExpensesNet":-393000000,
        "incomeBeforeTax":35623000000,
        "incomeTaxExpense":5625000000,
        "netIncomeFromContinuingOperations":29998000000,
        "netIncomeFromDiscontinuedOperations":0,
        "otherAdjustmentsToNetIncome":0,
        "netIncome":29998000000,
        "netIncomeDeductions":0,
        "bottomLineNetIncome":29998000000,
        "eps":1.89,
        "epsDiluted":1.88,
        "weightedAverageShsOut":15892723000,
        "weightedAverageShsOutDil":15955718000,
        "symbol_1":"AAPL",
        "reportedCurrency_1":"USD",
        "cik_1":"0000320193",
        "filingDate_1":"2023-02-03",
        "acceptedDate_1":"2023-02-02 18:01:30",
        "fiscalYear_1":"2023",
        "period_1":"Q1",
        "netIncome_1":29998000000,
        "depreciationAndAmortization_1":2916000000,
        "deferredIncomeTax":0,
        "stockBasedCompensation":2905000000,
        "changeInWorkingCapital":-1497000000,
        "accountsReceivables":6595000000,
        "inventory":-1807000000,
        "accountsPayables":-6075000000,
        "otherWorkingCapital":-210000000,
        "otherNonCashItems":-317000000,
        "netCashProvidedByOperatingActivities":34005000000,
        "investmentsInPropertyPlantAndEquipment":-3787000000,
        "acquisitionsNet":0,
        "purchasesOfInvestments":-5153000000,
        "salesMaturitiesOfInvestments":7636000000,
        "otherInvestingActivities":-141000000,
        "netCashProvidedByInvestingActivities":-1445000000,
        "netDebtIssuance":-9615000000,
        "longTermNetDebtIssuance":-1401000000,
        "shortTermNetDebtIssuance":-8214000000,
        "netStockIssuance":-19475000000,
        "netCommonStockIssuance":-19475000000,
        "commonStockIssuance":0,
        "commonStockRepurchased":-19475000000,
        "netPreferredStockIssuance":0,
        "netDividendsPaid":-3768000000,
        "commonDividendsPaid":-3768000000,
        "preferredDividendsPaid":0,
        "otherFinancingActivities":-2705000000,
        "netCashProvidedByFinancingActivities":-35563000000,
        "effectOfForexChangesOnCash":0,
        "netChangeInCash":-3003000000,
        "cashAtEndOfPeriod":21974000000,
        "cashAtBeginningOfPeriod":24977000000,
        "operatingCashFlow":34005000000,
        "capitalExpenditure":-3787000000,
        "freeCashFlow":30218000000,
        "incomeTaxesPaid":828000000,
        "interestPaid":703000000,
        "symbol_2":"AAPL",
        "stockPrice":129.93,
        "numberOfShares":15892723000,
        "marketCapitalization":2064941499390,
        "minusCashAndCashEquivalents":20535000000,
        "addTotalDebt":111110000000,
        "enterpriseValue":2155516499390,
        "revenue_qoq":29.9602866461,
        "revenue_yoy":-5.479043124,
        "netIncome_qoq":44.7710052604,
        "netIncome_yoy":-13.3756858215,
        "operatingCashFlow_qoq":40.941683591,
        "operatingCashFlow_yoy":-27.596559213,
        "eps_qoq":46.511627907,
        "eps_yoy":-10.4265402844
    },
    {
        "date":"2022-09-24",
        "symbol":"AAPL",
        "reportedCurrency":"USD",
        "cik":"0000320193",
        "filingDate":"2022-10-28",
        "acceptedDate":"2022-10-27 18:01:14",
        "fiscalYear":"2022",
        "period":"Q4",
        "revenue":90146000000,
        "costOfRevenue":52051000000,
        "grossProfit":38095000000,
        "researchAndDevelopmentExpenses":6761000000,
        "generalAndAdministrativeExpenses":0,
        "sellingAndMarketingExpenses":0,
        "sellingGeneralAndAdministrativeExpenses":6440000000,
        "otherExpenses":0,
        "operatingExpenses":13201000000,
        "costAndExpenses":65252000000,
        "netInterestIncome":-74000000,
        "interestIncome":753000000,
        "interestExpense":827000000,
        "depreciationAndAmortization":2865000000,
        "ebitda":28349000000,
        "ebit":25484000000,
        "nonOperatingIncomeExcludingInterest":-590000000,
        "operatingIncome":24894000000,
        "totalOtherIncomeExpensesNet":-237000000,
        "incomeBeforeTax":24657000000,
        "incomeTaxExpense":3936000000,
        "netIncomeFromContinuingOperations":20721000000,
        "netIncomeFromDiscontinuedOperations":0,
        "otherAdjustmentsToNetIncome":0,
        "netIncome":20721000000,
        "netIncomeDeductions":0,
        "bottomLineNetIncome":20721000000,
        "eps":1.29,
        "epsDiluted":1.29,
        "weightedAverageShsOut":16030382000,
        "weightedAverageShsOutDil":16118465000,
        "symbol_1":"AAPL",
        "reportedCurrency_1":"USD",
        "cik_1":"0000320193",
        "filingDate_1":"2022-10-28",
        "acceptedDate_1":"2022-10-27 18:01:14",
        "fiscalYear_1":"2022",
        "period_1":"Q4",
        "netIncome_1":20721000000,
        "depreciationAndAmortization_1":2865000000,
        "deferredIncomeTax":-1861000000,
        "stockBasedCompensation":2278000000,
        "changeInWorkingCapital":-48000000,
        "accountsReceivables":-18693000000,
        "inventory":435000000,
        "accountsPayables":15556000000,
        "otherWorkingCapital":2654000000,
        "otherNonCashItems":172000000,
        "netCashProvidedByOperatingActivities":24127000000,
        "investmentsInPropertyPlantAndEquipment":-3289000000,
        "acquisitionsNet":-137000000,
        "purchasesOfInvestments":-6745000000,
        "salesMaturitiesOfInvestments":9551000000,
        "otherInvestingActivities":-597000000,
        "netCashProvidedByInvestingActivities":-1217000000,
        "netDebtIssuance":1657000000,
        "longTermNetDebtIssuance":2672000000,
        "shortTermNetDebtIssuance":-1015000000,
        "netStockIssuance":-24428000000,
        "netCommonStockIssuance":-24428000000,
        "commonStockIssuance":0,
        "commonStockRepurchased":-24428000000,
        "netPreferredStockIssuance":0,
        "netDividendsPaid":-3703000000,
        "commonDividendsPaid":-3703000000,
        "preferredDividendsPaid":0,
        "otherFinancingActivities":-320000000,
        "netCashProvidedByFinancingActivities":-26794000000,
        "effectOfForexChangesOnCash":0,
        "netChangeInCash":-3884000000,
        "cashAtEndOfPeriod":24977000000,
        "cashAtBeginningOfPeriod":28861000000,
        "operatingCashFlow":24127000000,
        "capitalExpenditure":-3289000000,
        "freeCashFlow":20838000000,
        "incomeTaxesPaid":7322000000,
        "interestPaid":955000000,
        "symbol_2":"AAPL",
        "stockPrice":150.43,
        "numberOfShares":16030382000,
        "marketCapitalization":2411450364260,
        "minusCashAndCashEquivalents":23646000000,
        "addTotalDebt":132480000000,
        "enterpriseValue":2520284364260,
        "revenue_qoq":8.6633156137,
        "revenue_yoy":8.1405950096,
        "netIncome_qoq":6.5785413023,
        "netIncome_yoy":0.8272103547,
        "operatingCashFlow_qoq":5.3948977809,
        "operatingCashFlow_yoy":19.4405940594,
        "eps_qoq":7.5,
        "eps_yoy":3.2
    },
    {
        "date":"2022-06-25",
        "symbol":"AAPL",
        "reportedCurrency":"USD",
        "cik":"0000320193",
        "filingDate":"2022-07-29",
        "acceptedDate":"2022-07-28 18:06:56",
        "fiscalYear":"2022",
        "period":"Q3",
        "revenue":82959000000,
        "costOfRevenue":47074000000,
        "grossProfit":35885000000,
        "researchAndDevelopmentExpenses":6797000000,
        "generalAndAdministrativeExpenses":0,
        "sellingAndMarketingExpenses":0,
        "sellingGeneralAndAdministrativeExpenses":6012000000,
        "otherExpenses":0,
        "operatingExpenses":12809000000,
        "costAndExpenses":59883000000,
        "netInterestIncome":3000000,
        "interestIncome":722000000,
        "interestExpense":719000000,
        "depreciationAndAmortization":2805000000,
        "ebitda":26590000000,
        "ebit":23785000000,
        "nonOperatingIncomeExcludingInterest":-709000000,
        "operatingIncome":23076000000,
        "totalOtherIncomeExpensesNet":-10000000,
        "incomeBeforeTax":23066000000,
        "incomeTaxExpense":3624000000,
        "netIncomeFromContinuingOperations":19442000000,
        "netIncomeFromDiscontinuedOperations":0,
        "otherAdjustmentsToNetIncome":0,
        "netIncome":19442000000,
        "netIncomeDeductions":0,
        "bottomLineNetIncome":19442000000,
        "eps":1.2,
        "epsDiluted":1.2,
        "weightedAverageShsOut":16162945000,
        "weightedAverageShsOutDil":16262203000,
        "symbol_1":"AAPL",
        "reportedCurrency_1":"USD",
        "cik_1":"0000320193",
        "filingDate_1":"2022-07-29",
        "acceptedDate_1":"2022-07-28 18:06:56",
        "fiscalYear_1":"2022",
        "period_1":"Q3",
        "netIncome_1":19442000000,
        "depreciationAndAmortization_1":2805000000,
        "deferredIncomeTax":1668000000,
        "stockBasedCompensation":2243000000,
        "changeInWorkingCapital":-3225000000,
        "accountsReceivables":3165000000,
        "inventory":-16000000,
        "accountsPayables":-4358000000,
        "otherWorkingCapital":-2016000000,
        "otherNonCashItems":-41000000,
        "netCashProvidedByOperatingActivities":22892000000,
        "investmentsInPropertyPlantAndEquipment":-2102000000,
        "acquisitionsNet":-2000000,
        "purchasesOfInvestments":-8191000000,
        "salesMaturitiesOfInvestments":15144000000,
        "otherInvestingActivities":-617000000,
        "netCashProvidedByInvestingActivities":4234000000,
        "netDebtIssuance":971000000,
        "longTermNetDebtIssuance":-3000000000,
        "shortTermNetDebtIssuance":3971000000,
        "netStockIssuance":-24562000000,
        "netCommonStockIssuance":-21865000000,
        "commonStockIssuance":0,
        "commonStockRepurchased":-21865000000,
        "netPreferredStockIssuance":-2697000000,
        "netDividendsPaid":-3811000000,
        "commonDividendsPaid":-3811000000,
        "preferredDividendsPaid":0,
        "otherFinancingActivities":-43000000,
        "netCashProvidedByFinancingActivities":-27445000000,
        "effectOfForexChangesOnCash":0,
        "netChangeInCash":-319000000,
        "cashAtEndOfPeriod":28861000000,
        "cashAtBeginningOfPeriod":29180000000,
        "operatingCashFlow":22892000000,
        "capitalExpenditure":-2102000000,
        "freeCashFlow":20790000000,
        "incomeTaxesPaid":2950000000,
        "interestPaid":504000000,
        "symbol_2":"AAPL",
        "stockPrice":141.66,
        "numberOfShares":16162945000,
        "marketCapitalization":2289642788700,
        "minusCashAndCashEquivalents":27502000000,
        "addTotalDebt":119691000000,
        "enterpriseValue":2381831788700,
        "revenue_qoq":-14.7196694011,
        "revenue_yoy":1.8726821721,
        "netIncome_qoq":-22.2630947621,
        "netIncome_yoy":-10.5868285504,
        "operatingCashFlow_qoq":-18.7247035433,
        "operatingCashFlow_yoy":8.5237508296,
        "eps_qoq":-22.0779220779,
        "eps_yoy":-8.3969465649
    },
    {
        "date":"2022-03-26",
        "symbol":"AAPL",
        "reportedCurrency":"USD",
        "cik":"0000320193",
        "filingDate":"2022-04-29",
        "acceptedDate":"2022-04-28 18:03:58",
        "fiscalYear":"2022",
        "period":"Q2",
        "revenue":97278000000,
        "costOfRevenue":54719000000,
        "grossProfit":42559000000,
        "researchAndDevelopmentExpenses":6387000000,
        "generalAndAdministrativeExpenses":0,
        "sellingAndMarketingExpenses":0,
        "sellingGeneralAndAdministrativeExpenses":6193000000,
        "otherExpenses":0,
        "operatingExpenses":12580000000,
        "costAndExpenses":67299000000,
        "netInterestIncome":9000000,
        "interestIncome":700000000,
        "interestExpense":691000000,
        "depreciationAndAmortization":2737000000,
        "ebitda":33567000000,
        "ebit":30830000000,
        "nonOperatingIncomeExcludingInterest":-851000000,
        "operatingIncome":29979000000,
        "totalOtherIncomeExpensesNet":160000000,
        "incomeBeforeTax":30139000000,
        "incomeTaxExpense":5129000000,
        "netIncomeFromContinuingOperations":25010000000,
        "netIncomeFromDiscontinuedOperations":0,
        "otherAdjustmentsToNetIncome":0,
        "netIncome":25010000000,
        "netIncomeDeductions":0,
        "bottomLineNetIncome":25010000000,
        "eps":1.54,
        "epsDiluted":1.52,
        "weightedAverageShsOut":16278802000,
        "weightedAverageShsOutDil":16403316000,
        "symbol_1":"AAPL",
        "reportedCurrency_1":"USD",
        "cik_1":"0000320193",
        "filingDate_1":"2022-04-29",
        "acceptedDate_1":"2022-04-28 18:03:58",
        "fiscalYear_1":"2022",
        "period_1":"Q2",
        "netIncome_1":25010000000,
        "depreciationAndAmortization_1":2737000000,
        "deferredIncomeTax":406000000,
        "stockBasedCompensation":2252000000,
        "changeInWorkingCapital":-2052000000,
        "accountsReceivables":19931000000,
        "inventory":384000000,
        "accountsPayables":-21563000000,
        "otherWorkingCapital":-804000000,
        "otherNonCashItems":-187000000,
        "netCashProvidedByOperatingActivities":28166000000,
        "investmentsInPropertyPlantAndEquipment":-2514000000,
        "acquisitionsNet":0,
        "purchasesOfInvestments":-27074000000,
        "salesMaturitiesOfInvestments":20684000000,
        "otherInvestingActivities":-361000000,
        "netCashProvidedByInvestingActivities":-9265000000,
        "netDebtIssuance":-1751000000,
        "longTermNetDebtIssuance":-3750000000,
        "shortTermNetDebtIssuance":1999000000,
        "netStockIssuance":-22631000000,
        "netCommonStockIssuance":-22631000000,
        "commonStockIssuance":0,
        "commonStockRepurchased":-22631000000,
        "netPreferredStockIssuance":0,
        "netDividendsPaid":-3595000000,
        "commonDividendsPaid":-3595000000,
        "preferredDividendsPaid":0,
        "otherFinancingActivities":-374000000,
        "netCashProvidedByFinancingActivities":-28351000000,
        "effectOfForexChangesOnCash":0,
        "netChangeInCash":-9450000000,
        "cashAtEndOfPeriod":29180000000,
        "cashAtBeginningOfPeriod":38630000000,
        "operatingCashFlow":28166000000,
        "capitalExpenditure":-2514000000,
        "freeCashFlow":25652000000,
        "incomeTaxesPaid":4066000000,
        "interestPaid":875000000,
        "symbol_2":"AAPL",
        "stockPrice":174.72,
        "numberOfShares":16278802000,
        "marketCapitalization":2844232285440,
        "minusCashAndCashEquivalents":28098000000,
        "addTotalDebt":119981000000,
        "enterpriseValue":2936115285440,
        "revenue_qoq":-21.5151881883,
        "revenue_yoy":8.5885872477,
        "netIncome_qoq":-27.7793820387,
        "netIncome_yoy":5.8400338553,
        "operatingCashFlow_qoq":-40.0289571179,
        "operatingCashFlow_yoy":17.4513156249,
        "eps_qoq":-27.0142180095,
        "eps_yoy":9.219858156
    },
    {
        "date":"2021-12-25",
        "symbol":"AAPL",
        "reportedCurrency":"USD",
        "cik":"0000320193",
        "filingDate":"2022-01-28",
        "acceptedDate":"2022-01-27 18:00:58",
        "fiscalYear":"2022",
        "period":"Q1",
        "revenue":123945000000,
        "costOfRevenue":69702000000,
        "grossProfit":54243000000,
        "researchAndDevelopmentExpenses":6306000000,
        "generalAndAdministrativeExpenses":0,
        "sellingAndMarketingExpenses":0,
        "sellingGeneralAndAdministrativeExpenses":6449000000,
        "otherExpenses":0,
        "operatingExpenses":12755000000,
        "costAndExpenses":82457000000,
        "netInterestIncome":-44000000,
        "interestIncome":650000000,
        "interestExpense":694000000,
        "depreciationAndAmortization":2697000000,
        "ebitda":44632000000,
        "ebit":41935000000,
        "nonOperatingIncomeExcludingInterest":-447000000,
        "operatingIncome":41488000000,
        "totalOtherIncomeExpensesNet":-247000000,
        "incomeBeforeTax":41241000000,
        "incomeTaxExpense":6611000000,
        "netIncomeFromContinuingOperations":34630000000,
        "netIncomeFromDiscontinuedOperations":0,
        "otherAdjustmentsToNetIncome":0,
        "netIncome":34630000000,
        "netIncomeDeductions":0,
        "bottomLineNetIncome":34630000000,
        "eps":2.11,
        "epsDiluted":2.1,
        "weightedAverageShsOut":16391724000,
        "weightedAverageShsOutDil":16519291000,
        "symbol_1":"AAPL",
        "reportedCurrency_1":"USD",
        "cik_1":"0000320193",
        "filingDate_1":"2022-01-28",
        "acceptedDate_1":"2022-01-27 18:00:58",
        "fiscalYear_1":"2022",
        "period_1":"Q1",
        "netIncome_1":34630000000,
        "depreciationAndAmortization_1":2697000000,
        "deferredIncomeTax":682000000,
        "stockBasedCompensation":2265000000,
        "changeInWorkingCapital":6525000000,
        "accountsReceivables":-13746000000,
        "inventory":681000000,
        "accountsPayables":19813000000,
        "otherWorkingCapital":-223000000,
        "otherNonCashItems":167000000,
        "netCashProvidedByOperatingActivities":46966000000,
        "investmentsInPropertyPlantAndEquipment":-2803000000,
        "acquisitionsNet":0,
        "purchasesOfInvestments":-34913000000,
        "salesMaturitiesOfInvestments":21984000000,
        "otherInvestingActivities":-374000000,
        "netCashProvidedByInvestingActivities":-16106000000,
        "netDebtIssuance":-1000000000,
        "longTermNetDebtIssuance":0,
        "shortTermNetDebtIssuance":-1000000000,
        "netStockIssuance":-20478000000,
        "netCommonStockIssuance":-20478000000,
        "commonStockIssuance":0,
        "commonStockRepurchased":-20478000000,
        "netPreferredStockIssuance":0,
        "netDividendsPaid":-3732000000,
        "commonDividendsPaid":-3732000000,
        "preferredDividendsPaid":0,
        "otherFinancingActivities":-2949000000,
        "netCashProvidedByFinancingActivities":-28159000000,
        "effectOfForexChangesOnCash":0,
        "netChangeInCash":2701000000,
        "cashAtEndOfPeriod":38630000000,
        "cashAtBeginningOfPeriod":35929000000,
        "operatingCashFlow":46966000000,
        "capitalExpenditure":-2803000000,
        "freeCashFlow":44163000000,
        "incomeTaxesPaid":5235000000,
        "interestPaid":531000000,
        "symbol_2":"AAPL",
        "stockPrice":176.28,
        "numberOfShares":16391724000,
        "marketCapitalization":2889533106720,
        "minusCashAndCashEquivalents":37119000000,
        "addTotalDebt":122798000000,
        "enterpriseValue":2975212106720,
        "revenue_qoq":48.6864203455,
        "revenue_yoy":11.2222830427,
        "netIncome_qoq":68.5076152012,
        "netIncome_yoy":20.4312293514,
        "operatingCashFlow_qoq":132.504950495,
        "operatingCashFlow_yoy":21.1619327709,
        "eps_qoq":68.8,
        "eps_yoy":24.1176470588
    },
    {
        "date":"2021-09-25",
        "symbol":"AAPL",
        "reportedCurrency":"USD",
        "cik":"0000320193",
        "filingDate":"2021-10-29",
        "acceptedDate":"2021-10-28 18:04:28",
        "fiscalYear":"2021",
        "period":"Q4",
        "revenue":83360000000,
        "costOfRevenue":48186000000,
        "grossProfit":35174000000,
        "researchAndDevelopmentExpenses":5772000000,
        "generalAndAdministrativeExpenses":0,
        "sellingAndMarketingExpenses":0,
        "sellingGeneralAndAdministrativeExpenses":5616000000,
        "otherExpenses":0,
        "operatingExpenses":11388000000,
        "costAndExpenses":59574000000,
        "netInterestIncome":-13000000,
        "interestIncome":659000000,
        "interestExpense":672000000,
        "depreciationAndAmortization":2989000000,
        "ebitda":26909000000,
        "ebit":23920000000,
        "nonOperatingIncomeExcludingInterest":-134000000,
        "operatingIncome":23786000000,
        "totalOtherIncomeExpensesNet":-538000000,
        "incomeBeforeTax":23248000000,
        "incomeTaxExpense":2697000000,
        "netIncomeFromContinuingOperations":20551000000,
        "netIncomeFromDiscontinuedOperations":0,
        "otherAdjustmentsToNetIncome":0,
        "netIncome":20551000000,
        "netIncomeDeductions":0,
        "bottomLineNetIncome":20551000000,
        "eps":1.25,
        "epsDiluted":1.24,
        "weightedAverageShsOut":16487121000,
        "weightedAverageShsOutDil":16635097000,
        "symbol_1":"AAPL",
        "reportedCurrency_1":"USD",
        "cik_1":"0000320193",
        "filingDate_1":"2021-10-29",
        "acceptedDate_1":"2021-10-28 18:04:28",
        "fiscalYear_1":"2021",
        "period_1":"Q4",
        "netIncome_1":20551000000,
        "depreciationAndAmortization_1":2989000000,
        "deferredIncomeTax":-4037000000,
        "stockBasedCompensation":1945000000,
        "changeInWorkingCapital":-1790000000,
        "accountsReceivables":-17604000000,
        "inventory":-1429000000,
        "accountsPayables":14112000000,
        "otherWorkingCapital":3131000000,
        "otherNonCashItems":542000000,
        "netCashProvidedByOperatingActivities":20200000000,
        "investmentsInPropertyPlantAndEquipment":-3223000000,
        "acquisitionsNet":-20000000,
        "purchasesOfInvestments":-15637000000,
        "salesMaturitiesOfInvestments":20245000000,
        "otherInvestingActivities":-530000000,
        "netCashProvidedByInvestingActivities":835000000,
        "netDebtIssuance":3220000000,
        "longTermNetDebtIssuance":5220000000,
        "shortTermNetDebtIssuance":-2000000000,
        "netStockIssuance":-19204000000,
        "netCommonStockIssuance":-19204000000,
        "commonStockIssuance":544000000,
        "commonStockRepurchased":-19748000000,
        "netPreferredStockIssuance":0,
        "netDividendsPaid":-3640000000,
        "commonDividendsPaid":-3640000000,
        "preferredDividendsPaid":0,
        "otherFinancingActivities":-758000000,
        "netCashProvidedByFinancingActivities":-20382000000,
        "effectOfForexChangesOnCash":0,
        "netChangeInCash":653000000,
        "cashAtEndOfPeriod":35929000000,
        "cashAtBeginningOfPeriod":35276000000,
        "operatingCashFlow":20200000000,
        "capitalExpenditure":-3223000000,
        "freeCashFlow":16977000000,
        "incomeTaxesPaid":6849000000,
        "interestPaid":817000000,
        "symbol_2":"AAPL",
        "stockPrice":146.92,
        "numberOfShares":16487121000,
        "marketCapitalization":2422287817320,
        "minusCashAndCashEquivalents":34940000000,
        "addTotalDebt":136522000000,
        "enterpriseValue":2523869817320,
        "revenue_qoq":2.3651054842,
        "revenue_yoy":null,
        "netIncome_qoq":-5.4865710081,
        "netIncome_yoy":null,
        "operatingCashFlow_qoq":-4.238171992,
        "operatingCashFlow_yoy":null,
        "eps_qoq":-4.5801526718,
        "eps_yoy":null
    },
    {
        "date":"2021-06-26",
        "symbol":"AAPL",
        "reportedCurrency":"USD",
        "cik":"0000320193",
        "filingDate":"2021-07-28",
        "acceptedDate":"2021-07-27 18:03:42",
        "fiscalYear":"2021",
        "period":"Q3",
        "revenue":81434000000,
        "costOfRevenue":46179000000,
        "grossProfit":35255000000,
        "researchAndDevelopmentExpenses":5717000000,
        "generalAndAdministrativeExpenses":0,
        "sellingAndMarketingExpenses":0,
        "sellingGeneralAndAdministrativeExpenses":5412000000,
        "otherExpenses":0,
        "operatingExpenses":11129000000,
        "costAndExpenses":57308000000,
        "netInterestIncome":54000000,
        "interestIncome":719000000,
        "interestExpense":665000000,
        "depreciationAndAmortization":2832000000,
        "ebitda":27866000000,
        "ebit":25034000000,
        "nonOperatingIncomeExcludingInterest":-908000000,
        "operatingIncome":24126000000,
        "totalOtherIncomeExpensesNet":243000000,
        "incomeBeforeTax":24369000000,
        "incomeTaxExpense":2625000000,
        "netIncomeFromContinuingOperations":21744000000,
        "netIncomeFromDiscontinuedOperations":0,
        "otherAdjustmentsToNetIncome":0,
        "netIncome":21744000000,
        "netIncomeDeductions":0,
        "bottomLineNetIncome":21744000000,
        "eps":1.31,
        "epsDiluted":1.3,
        "weightedAverageShsOut":16629371000,
        "weightedAverageShsOutDil":16781735000,
        "symbol_1":"AAPL",
        "reportedCurrency_1":"USD",
        "cik_1":"0000320193",
        "filingDate_1":"2021-07-28",
        "acceptedDate_1":"2021-07-27 18:03:42",
        "fiscalYear_1":"2021",
        "period_1":"Q3",
        "netIncome_1":21744000000,
        "depreciationAndAmortization_1":2832000000,
        "deferredIncomeTax":-530000000,
        "stockBasedCompensation":1960000000,
        "changeInWorkingCapital":-4697000000,
        "accountsReceivables":-869000000,
        "inventory":13000000,
        "accountsPayables":211000000,
        "otherWorkingCapital":-4052000000,
        "otherNonCashItems":-215000000,
        "netCashProvidedByOperatingActivities":21094000000,
        "investmentsInPropertyPlantAndEquipment":-2093000000,
        "acquisitionsNet":-4000000,
        "purchasesOfInvestments":-19628000000,
        "salesMaturitiesOfInvestments":25375000000,
        "otherInvestingActivities":-78000000,
        "netCashProvidedByInvestingActivities":3572000000,
        "netDebtIssuance":0,
        "longTermNetDebtIssuance":-3000000000,
        "shortTermNetDebtIssuance":3000000000,
        "netStockIssuance":-25595000000,
        "netCommonStockIssuance":-22900000000,
        "commonStockIssuance":0,
        "commonStockRepurchased":-22900000000,
        "netPreferredStockIssuance":-2695000000,
        "netDividendsPaid":-3767000000,
        "commonDividendsPaid":-3767000000,
        "preferredDividendsPaid":0,
        "otherFinancingActivities":-34000000,
        "netCashProvidedByFinancingActivities":-29396000000,
        "effectOfForexChangesOnCash":0,
        "netChangeInCash":-4730000000,
        "cashAtEndOfPeriod":35276000000,
        "cashAtBeginningOfPeriod":40006000000,
        "operatingCashFlow":21094000000,
        "capitalExpenditure":-2093000000,
        "freeCashFlow":19001000000,
        "incomeTaxesPaid":8260000000,
        "interestPaid":543000000,
        "symbol_2":"AAPL",
        "stockPrice":133.11,
        "numberOfShares":16629371000,
        "marketCapitalization":2213535573810,
        "minusCashAndCashEquivalents":34050000000,
        "addTotalDebt":121791000000,
        "enterpriseValue":2301276573810,
        "revenue_qoq":-9.0976067155,
        "revenue_yoy":null,
        "netIncome_qoq":-7.9813796022,
        "netIncome_yoy":null,
        "operatingCashFlow_qoq":-12.038697302,
        "operatingCashFlow_yoy":null,
        "eps_qoq":-7.0921985816,
        "eps_yoy":null
    },
    {
        "date":"2021-03-27",
        "symbol":"AAPL",
        "reportedCurrency":"USD",
        "cik":"0000320193",
        "filingDate":"2021-04-29",
        "acceptedDate":"2021-04-28 18:02:54",
        "fiscalYear":"2021",
        "period":"Q2",
        "revenue":89584000000,
        "costOfRevenue":51505000000,
        "grossProfit":38079000000,
        "researchAndDevelopmentExpenses":5262000000,
        "generalAndAdministrativeExpenses":0,
        "sellingAndMarketingExpenses":0,
        "sellingGeneralAndAdministrativeExpenses":5314000000,
        "otherExpenses":0,
        "operatingExpenses":10576000000,
        "costAndExpenses":62081000000,
        "netInterestIncome":48000000,
        "interestIncome":718000000,
        "interestExpense":670000000,
        "depreciationAndAmortization":2797000000,
        "ebitda":31478000000,
        "ebit":28681000000,
        "nonOperatingIncomeExcludingInterest":-1178000000,
        "operatingIncome":27503000000,
        "totalOtherIncomeExpensesNet":508000000,
        "incomeBeforeTax":28011000000,
        "incomeTaxExpense":4381000000,
        "netIncomeFromContinuingOperations":23630000000,
        "netIncomeFromDiscontinuedOperations":0,
        "otherAdjustmentsToNetIncome":0,
        "netIncome":23630000000,
        "netIncomeDeductions":0,
        "bottomLineNetIncome":23630000000,
        "eps":1.41,
        "epsDiluted":1.4,
        "weightedAverageShsOut":16753476000,
        "weightedAverageShsOutDil":16929157000,
        "symbol_1":"AAPL",
        "reportedCurrency_1":"USD",
        "cik_1":"0000320193",
        "filingDate_1":"2021-04-29",
        "acceptedDate_1":"2021-04-28 18:02:54",
        "fiscalYear_1":"2021",
        "period_1":"Q2",
        "netIncome_1":23630000000,
        "depreciationAndAmortization_1":2797000000,
        "deferredIncomeTax":-149000000,
        "stockBasedCompensation":1981000000,
        "changeInWorkingCapital":-3779000000,
        "accountsReceivables":25584000000,
        "inventory":-276000000,
        "accountsPayables":-23667000000,
        "otherWorkingCapital":-5420000000,
        "otherNonCashItems":-499000000,
        "netCashProvidedByOperatingActivities":23981000000,
        "investmentsInPropertyPlantAndEquipment":-2269000000,
        "acquisitionsNet":-9000000,
        "purchasesOfInvestments":-34624000000,
        "salesMaturitiesOfInvestments":26729000000,
        "otherInvestingActivities":-204000000,
        "netCashProvidedByInvestingActivities":-10368000000,
        "netDebtIssuance":10423000000,
        "longTermNetDebtIssuance":10423000000,
        "shortTermNetDebtIssuance":0,
        "netStockIssuance":-17987000000,
        "netCommonStockIssuance":-17987000000,
        "commonStockIssuance":561000000,
        "commonStockRepurchased":-18548000000,
        "netPreferredStockIssuance":0,
        "netDividendsPaid":-3447000000,
        "commonDividendsPaid":-3447000000,
        "preferredDividendsPaid":0,
        "otherFinancingActivities":-315000000,
        "netCashProvidedByFinancingActivities":-11326000000,
        "effectOfForexChangesOnCash":0,
        "netChangeInCash":2287000000,
        "cashAtEndOfPeriod":40006000000,
        "cashAtBeginningOfPeriod":37719000000,
        "operatingCashFlow":23981000000,
        "capitalExpenditure":-2269000000,
        "freeCashFlow":21712000000,
        "incomeTaxesPaid":8489000000,
        "interestPaid":708000000,
        "symbol_2":"AAPL",
        "stockPrice":121.21,
        "numberOfShares":16753476000,
        "marketCapitalization":2030688825960,
        "minusCashAndCashEquivalents":38466000000,
        "addTotalDebt":121645000000,
        "enterpriseValue":2113867825960,
        "revenue_qoq":-19.6116260914,
        "revenue_yoy":null,
        "netIncome_qoq":-17.8229873066,
        "netIncome_yoy":null,
        "operatingCashFlow_qoq":-38.1343033305,
        "operatingCashFlow_yoy":null,
        "eps_qoq":-17.0588235294,
        "eps_yoy":null
    },
    {
        "date":"2020-12-26",
        "symbol":"AAPL",
        "reportedCurrency":"USD",
        "cik":"0000320193",
        "filingDate":"2021-01-28",
        "acceptedDate":"2021-01-27 18:03:06",
        "fiscalYear":"2021",
        "period":"Q1",
        "revenue":111439000000,
        "costOfRevenue":67111000000,
        "grossProfit":44328000000,
        "researchAndDevelopmentExpenses":5163000000,
        "generalAndAdministrativeExpenses":0,
        "sellingAndMarketingExpenses":0,
        "sellingGeneralAndAdministrativeExpenses":5631000000,
        "otherExpenses":0,
        "operatingExpenses":10794000000,
        "costAndExpenses":77905000000,
        "netInterestIncome":109000000,
        "interestIncome":747000000,
        "interestExpense":638000000,
        "depreciationAndAmortization":2666000000,
        "ebitda":36883000000,
        "ebit":34217000000,
        "nonOperatingIncomeExcludingInterest":-683000000,
        "operatingIncome":33534000000,
        "totalOtherIncomeExpensesNet":45000000,
        "incomeBeforeTax":33579000000,
        "incomeTaxExpense":4824000000,
        "netIncomeFromContinuingOperations":28755000000,
        "netIncomeFromDiscontinuedOperations":0,
        "otherAdjustmentsToNetIncome":0,
        "netIncome":28755000000,
        "netIncomeDeductions":0,
        "bottomLineNetIncome":28755000000,
        "eps":1.7,
        "epsDiluted":1.68,
        "weightedAverageShsOut":16935119000,
        "weightedAverageShsOutDil":17113688000,
        "symbol_1":"AAPL",
        "reportedCurrency_1":"USD",
        "cik_1":"0000320193",
        "filingDate_1":"2021-01-28",
        "acceptedDate_1":"2021-01-27 18:03:06",
        "fiscalYear_1":"2021",
        "period_1":"Q1",
        "netIncome_1":28755000000,
        "depreciationAndAmortization_1":2666000000,
        "deferredIncomeTax":-58000000,
        "stockBasedCompensation":2020000000,
        "changeInWorkingCapital":5355000000,
        "accountsReceivables":-21139000000,
        "inventory":-950000000,
        "accountsPayables":21670000000,
        "otherWorkingCapital":5774000000,
        "otherNonCashItems":25000000,
        "netCashProvidedByOperatingActivities":38763000000,
        "investmentsInPropertyPlantAndEquipment":-3500000000,
        "acquisitionsNet":-9000000,
        "purchasesOfInvestments":-39800000000,
        "salesMaturitiesOfInvestments":34521000000,
        "otherInvestingActivities":195000000,
        "netCashProvidedByInvestingActivities":-8584000000,
        "netDebtIssuance":-978000000,
        "longTermNetDebtIssuance":-1000000000,
        "shortTermNetDebtIssuance":22000000,
        "netStockIssuance":-24775000000,
        "netCommonStockIssuance":-24775000000,
        "commonStockIssuance":0,
        "commonStockRepurchased":-24775000000,
        "netPreferredStockIssuance":0,
        "netDividendsPaid":-3613000000,
        "commonDividendsPaid":-3613000000,
        "preferredDividendsPaid":0,
        "otherFinancingActivities":-2883000000,
        "netCashProvidedByFinancingActivities":-32249000000,
        "effectOfForexChangesOnCash":0,
        "netChangeInCash":-2070000000,
        "cashAtEndOfPeriod":37719000000,
        "cashAtBeginningOfPeriod":39789000000,
        "operatingCashFlow":38763000000,
        "capitalExpenditure":-3500000000,
        "freeCashFlow":35263000000,
        "incomeTaxesPaid":1787000000,
        "interestPaid":619000000,
        "symbol_2":"AAPL",
        "stockPrice":131.97,
        "numberOfShares":16935119000,
        "marketCapitalization":2234927654430,
        "minusCashAndCashEquivalents":36010000000,
        "addTotalDebt":112043000000,
        "enterpriseValue":2310960654430,
        "revenue_qoq":null,
        "revenue_yoy":null,
        "netIncome_qoq":null,
        "netIncome_yoy":null,
        "operatingCashFlow_qoq":null,
        "operatingCashFlow_yoy":null,
        "eps_qoq":null,
        "eps_yoy":null
    }
]