[
    {
        "date":"2025-11-28",
        "symbol":"ADBE",
        "reportedCurrency":"USD",
        "cik":"0000796343",
        "filingDate":"2025-12-10",
        "acceptedDate":"2025-12-10 16:05:55",
        "fiscalYear":"2025",
        "period":"Q4",
        "revenue":6194000000,
        "costOfRevenue":686000000,
        "grossProfit":5508000000,
        "researchAndDevelopmentExpenses":1098000000,
        "generalAndAdministrativeExpenses":421000000,
        "sellingAndMarketingExpenses":1728000000,
        "sellingGeneralAndAdministrativeExpenses":2149000000,
        "otherExpenses":0,
        "operatingExpenses":3247000000,
        "costAndExpenses":3933000000,
        "netInterestIncome":-66000000,
        "interestIncome":0,
        "interestExpense":66000000,
        "depreciationAndAmortization":184000000,
        "ebitda":2448000000,
        "ebit":2264000000,
        "nonOperatingIncomeExcludingInterest":-3000000,
        "operatingIncome":2261000000,
        "totalOtherIncomeExpensesNet":3000000,
        "incomeBeforeTax":2264000000,
        "incomeTaxExpense":408000000,
        "netIncomeFromContinuingOperations":1856000000,
        "netIncomeFromDiscontinuedOperations":0,
        "otherAdjustmentsToNetIncome":0,
        "netIncome":1856000000,
        "netIncomeDeductions":0,
        "bottomLineNetIncome":1856000000,
        "eps":4.45,
        "epsDiluted":4.45,
        "weightedAverageShsOut":417000000,
        "weightedAverageShsOutDil":417000000,
        "symbol_1":"ADBE",
        "reportedCurrency_1":"USD",
        "cik_1":"0000796343",
        "filingDate_1":"2025-12-10",
        "acceptedDate_1":"2025-12-10 16:05:55",
        "fiscalYear_1":"2025",
        "period_1":"Q4",
        "netIncome_1":1856000000,
        "depreciationAndAmortization_1":184000000,
        "deferredIncomeTax":0,
        "stockBasedCompensation":489000000,
        "changeInWorkingCapital":244000000,
        "accountsReceivables":0,
        "inventory":0,
        "accountsPayables":0,
        "otherWorkingCapital":244000000,
        "otherNonCashItems":387000000,
        "netCashProvidedByOperatingActivities":3160000000,
        "investmentsInPropertyPlantAndEquipment":-34000000,
        "acquisitionsNet":0,
        "purchasesOfInvestments":-112000000,
        "salesMaturitiesOfInvestments":0,
        "otherInvestingActivities":0,
        "netCashProvidedByInvestingActivities":-146000000,
        "netDebtIssuance":0,
        "longTermNetDebtIssuance":0,
        "shortTermNetDebtIssuance":0,
        "netStockIssuance":-2568000000,
        "netCommonStockIssuance":-2568000000,
        "commonStockIssuance":-94000000,
        "commonStockRepurchased":-2474000000,
        "netPreferredStockIssuance":0,
        "netDividendsPaid":0,
        "commonDividendsPaid":0,
        "preferredDividendsPaid":0,
        "otherFinancingActivities":13000000,
        "netCashProvidedByFinancingActivities":-2555000000,
        "effectOfForexChangesOnCash":-10000000,
        "netChangeInCash":449000000,
        "cashAtEndOfPeriod":5431000000,
        "cashAtBeginningOfPeriod":4982000000,
        "operatingCashFlow":3160000000,
        "capitalExpenditure":-34000000,
        "freeCashFlow":3126000000,
        "incomeTaxesPaid":0,
        "interestPaid":0,
        "symbol_2":"ADBE",
        "stockPrice":320.13,
        "numberOfShares":417000000,
        "marketCapitalization":133494210000,
        "minusCashAndCashEquivalents":5431000000,
        "addTotalDebt":6648000000,
        "enterpriseValue":134711210000,
        "revenue_qoq":3.4402137609,
        "revenue_yoy":10.4887620407,
        "netIncome_qoq":4.7404063205,
        "netIncome_yoy":10.2792632204,
        "operatingCashFlow_qoq":43.7670609645,
        "operatingCashFlow_yoy":8.1821294077,
        "eps_qoq":6.4593301435,
        "eps_yoy":16.7979002625
    },
    {
        "date":"2025-08-29",
        "symbol":"ADBE",
        "reportedCurrency":"USD",
        "cik":"0000796343",
        "filingDate":"2025-09-24",
        "acceptedDate":"2025-09-24 16:03:30",
        "fiscalYear":"2025",
        "period":"Q3",
        "revenue":5988000000,
        "costOfRevenue":642000000,
        "grossProfit":5346000000,
        "researchAndDevelopmentExpenses":1088000000,
        "generalAndAdministrativeExpenses":408000000,
        "sellingAndMarketingExpenses":1639000000,
        "sellingGeneralAndAdministrativeExpenses":2047000000,
        "otherExpenses":38000000,
        "operatingExpenses":3173000000,
        "costAndExpenses":3815000000,
        "netInterestIncome":-67000000,
        "interestIncome":0,
        "interestExpense":67000000,
        "depreciationAndAmortization":208000000,
        "ebitda":2462000000,
        "ebit":2254000000,
        "nonOperatingIncomeExcludingInterest":-81000000,
        "operatingIncome":2173000000,
        "totalOtherIncomeExpensesNet":14000000,
        "incomeBeforeTax":2187000000,
        "incomeTaxExpense":415000000,
        "netIncomeFromContinuingOperations":1772000000,
        "netIncomeFromDiscontinuedOperations":0,
        "otherAdjustmentsToNetIncome":0,
        "netIncome":1772000000,
        "netIncomeDeductions":0,
        "bottomLineNetIncome":1772000000,
        "eps":4.18,
        "epsDiluted":4.18,
        "weightedAverageShsOut":429000000,
        "weightedAverageShsOutDil":430000000,
        "symbol_1":"ADBE",
        "reportedCurrency_1":"USD",
        "cik_1":"0000796343",
        "filingDate_1":"2025-09-24",
        "acceptedDate_1":"2025-09-24 16:03:30",
        "fiscalYear_1":"2025",
        "period_1":"Q3",
        "netIncome_1":1772000000,
        "depreciationAndAmortization_1":208000000,
        "deferredIncomeTax":0,
        "stockBasedCompensation":497000000,
        "changeInWorkingCapital":-178000000,
        "accountsReceivables":-359000000,
        "inventory":0,
        "accountsPayables":-30000000,
        "otherWorkingCapital":211000000,
        "otherNonCashItems":-101000000,
        "netCashProvidedByOperatingActivities":2198000000,
        "investmentsInPropertyPlantAndEquipment":-72000000,
        "acquisitionsNet":-17000000,
        "purchasesOfInvestments":-190000000,
        "salesMaturitiesOfInvestments":441000000,
        "otherInvestingActivities":-441000000,
        "netCashProvidedByInvestingActivities":-279000000,
        "netDebtIssuance":0,
        "longTermNetDebtIssuance":0,
        "shortTermNetDebtIssuance":0,
        "netStockIssuance":-1915000000,
        "netCommonStockIssuance":-1915000000,
        "commonStockIssuance":142000000,
        "commonStockRepurchased":-2057000000,
        "netPreferredStockIssuance":0,
        "netDividendsPaid":0,
        "commonDividendsPaid":0,
        "preferredDividendsPaid":0,
        "otherFinancingActivities":39000000,
        "netCashProvidedByFinancingActivities":-1876000000,
        "effectOfForexChangesOnCash":8000000,
        "netChangeInCash":51000000,
        "cashAtEndOfPeriod":4982000000,
        "cashAtBeginningOfPeriod":4931000000,
        "operatingCashFlow":2198000000,
        "capitalExpenditure":-72000000,
        "freeCashFlow":2126000000,
        "incomeTaxesPaid":523000000,
        "interestPaid":81000000,
        "symbol_2":"ADBE",
        "stockPrice":356.7,
        "numberOfShares":429000000,
        "marketCapitalization":153024300000,
        "minusCashAndCashEquivalents":4982000000,
        "addTotalDebt":6636000000,
        "enterpriseValue":154678300000,
        "revenue_qoq":1.9581134003,
        "revenue_yoy":10.724852071,
        "netIncome_qoq":4.7900650503,
        "netIncome_yoy":5.2256532067,
        "operatingCashFlow_qoq":0.3194888179,
        "operatingCashFlow_yoy":8.758040574,
        "eps_qoq":5.8227848101,
        "eps_yoy":10.582010582
    },
    {
        "date":"2025-05-30",
        "symbol":"ADBE",
        "reportedCurrency":"USD",
        "cik":"0000796343",
        "filingDate":"2025-06-25",
        "acceptedDate":"2025-06-25 16:02:29",
        "fiscalYear":"2025",
        "period":"Q2",
        "revenue":5873000000,
        "costOfRevenue":638000000,
        "grossProfit":5235000000,
        "researchAndDevelopmentExpenses":1082000000,
        "generalAndAdministrativeExpenses":377000000,
        "sellingAndMarketingExpenses":1626000000,
        "sellingGeneralAndAdministrativeExpenses":2003000000,
        "otherExpenses":41000000,
        "operatingExpenses":3126000000,
        "costAndExpenses":3764000000,
        "netInterestIncome":-68000000,
        "interestIncome":0,
        "interestExpense":68000000,
        "depreciationAndAmortization":209000000,
        "ebitda":2378000000,
        "ebit":2169000000,
        "nonOperatingIncomeExcludingInterest":-60000000,
        "operatingIncome":2109000000,
        "totalOtherIncomeExpensesNet":-8000000,
        "incomeBeforeTax":2101000000,
        "incomeTaxExpense":410000000,
        "netIncomeFromContinuingOperations":1691000000,
        "netIncomeFromDiscontinuedOperations":0,
        "otherAdjustmentsToNetIncome":0,
        "netIncome":1691000000,
        "netIncomeDeductions":0,
        "bottomLineNetIncome":1691000000,
        "eps":3.95,
        "epsDiluted":3.95,
        "weightedAverageShsOut":432000000,
        "weightedAverageShsOutDil":433000000,
        "symbol_1":"ADBE",
        "reportedCurrency_1":"USD",
        "cik_1":"0000796343",
        "filingDate_1":"2025-06-25",
        "acceptedDate_1":"2025-06-25 16:02:29",
        "fiscalYear_1":"2025",
        "period_1":"Q2",
        "netIncome_1":1691000000,
        "depreciationAndAmortization_1":209000000,
        "deferredIncomeTax":-119000000,
        "stockBasedCompensation":481000000,
        "changeInWorkingCapital":-89000000,
        "accountsReceivables":237000000,
        "inventory":0,
        "accountsPayables":35000000,
        "otherWorkingCapital":-361000000,
        "otherNonCashItems":18000000,
        "netCashProvidedByOperatingActivities":2191000000,
        "investmentsInPropertyPlantAndEquipment":-47000000,
        "acquisitionsNet":0,
        "purchasesOfInvestments":-231000000,
        "salesMaturitiesOfInvestments":113000000,
        "otherInvestingActivities":-113000000,
        "netCashProvidedByInvestingActivities":-278000000,
        "netDebtIssuance":0,
        "longTermNetDebtIssuance":0,
        "shortTermNetDebtIssuance":0,
        "netStockIssuance":-3500000000,
        "netCommonStockIssuance":-3500000000,
        "commonStockIssuance":0,
        "commonStockRepurchased":-3500000000,
        "netPreferredStockIssuance":0,
        "netDividendsPaid":0,
        "commonDividendsPaid":0,
        "preferredDividendsPaid":0,
        "otherFinancingActivities":-288000000,
        "netCashProvidedByFinancingActivities":-3788000000,
        "effectOfForexChangesOnCash":48000000,
        "netChangeInCash":-1827000000,
        "cashAtEndOfPeriod":4931000000,
        "cashAtBeginningOfPeriod":6758000000,
        "operatingCashFlow":2191000000,
        "capitalExpenditure":-47000000,
        "freeCashFlow":2144000000,
        "incomeTaxesPaid":1000000000,
        "interestPaid":67000000,
        "symbol_2":"ADBE",
        "stockPrice":415.09,
        "numberOfShares":432000000,
        "marketCapitalization":179318880000,
        "minusCashAndCashEquivalents":4931000000,
        "addTotalDebt":6563000000,
        "enterpriseValue":180950880000,
        "revenue_qoq":2.782639132,
        "revenue_yoy":10.62346958,
        "netIncome_qoq":-6.6261733849,
        "netIncome_yoy":7.5015893198,
        "operatingCashFlow_qoq":-11.7244157937,
        "operatingCashFlow_yoy":12.9381443299,
        "eps_qoq":-4.8192771084,
        "eps_yoy":12.8571428571
    },
    {
        "date":"2025-02-28",
        "symbol":"ADBE",
        "reportedCurrency":"USD",
        "cik":"0000796343",
        "filingDate":"2025-03-26",
        "acceptedDate":"2025-03-26 16:03:42",
        "fiscalYear":"2025",
        "period":"Q1",
        "revenue":5714000000,
        "costOfRevenue":622000000,
        "grossProfit":5092000000,
        "researchAndDevelopmentExpenses":1026000000,
        "generalAndAdministrativeExpenses":367000000,
        "sellingAndMarketingExpenses":1495000000,
        "sellingGeneralAndAdministrativeExpenses":1862000000,
        "otherExpenses":41000000,
        "operatingExpenses":2929000000,
        "costAndExpenses":3551000000,
        "netInterestIncome":-62000000,
        "interestIncome":0,
        "interestExpense":62000000,
        "depreciationAndAmortization":217000000,
        "ebitda":2461000000,
        "ebit":2244000000,
        "nonOperatingIncomeExcludingInterest":-81000000,
        "operatingIncome":2163000000,
        "totalOtherIncomeExpensesNet":19000000,
        "incomeBeforeTax":2182000000,
        "incomeTaxExpense":371000000,
        "netIncomeFromContinuingOperations":1811000000,
        "netIncomeFromDiscontinuedOperations":0,
        "otherAdjustmentsToNetIncome":0,
        "netIncome":1811000000,
        "netIncomeDeductions":0,
        "bottomLineNetIncome":1811000000,
        "eps":4.15,
        "epsDiluted":4.13,
        "weightedAverageShsOut":436000000,
        "weightedAverageShsOutDil":438000000,
        "symbol_1":"ADBE",
        "reportedCurrency_1":"USD",
        "cik_1":"0000796343",
        "filingDate_1":"2025-03-26",
        "acceptedDate_1":"2025-03-26 16:03:42",
        "fiscalYear_1":"2025",
        "period_1":"Q1",
        "netIncome_1":1811000000,
        "depreciationAndAmortization_1":217000000,
        "deferredIncomeTax":0,
        "stockBasedCompensation":475000000,
        "changeInWorkingCapital":131000000,
        "accountsReceivables":97000000,
        "inventory":0,
        "accountsPayables":-28000000,
        "otherWorkingCapital":62000000,
        "otherNonCashItems":-152000000,
        "netCashProvidedByOperatingActivities":2482000000,
        "investmentsInPropertyPlantAndEquipment":-26000000,
        "acquisitionsNet":0,
        "purchasesOfInvestments":-592000000,
        "salesMaturitiesOfInvestments":134000000,
        "otherInvestingActivities":0,
        "netCashProvidedByInvestingActivities":-484000000,
        "netDebtIssuance":497000000,
        "longTermNetDebtIssuance":497000000,
        "shortTermNetDebtIssuance":0,
        "netStockIssuance":-3154000000,
        "netCommonStockIssuance":-3154000000,
        "commonStockIssuance":96000000,
        "commonStockRepurchased":-3250000000,
        "netPreferredStockIssuance":0,
        "netDividendsPaid":0,
        "commonDividendsPaid":0,
        "preferredDividendsPaid":0,
        "otherFinancingActivities":-184000000,
        "netCashProvidedByFinancingActivities":-2841000000,
        "effectOfForexChangesOnCash":-12000000,
        "netChangeInCash":-855000000,
        "cashAtEndOfPeriod":6758000000,
        "cashAtBeginningOfPeriod":7613000000,
        "operatingCashFlow":2482000000,
        "capitalExpenditure":-26000000,
        "freeCashFlow":2456000000,
        "incomeTaxesPaid":182000000,
        "interestPaid":48000000,
        "symbol_2":"ADBE",
        "stockPrice":438.56,
        "numberOfShares":436000000,
        "marketCapitalization":191212160000,
        "minusCashAndCashEquivalents":6758000000,
        "addTotalDebt":6563000000,
        "enterpriseValue":191017160000,
        "revenue_qoq":1.9265073136,
        "revenue_yoy":10.2663064454,
        "netIncome_qoq":7.605466429,
        "netIncome_yoy":192.0967741935,
        "operatingCashFlow_qoq":-15.0290996234,
        "operatingCashFlow_yoy":111.4139693356,
        "eps_qoq":8.9238845144,
        "eps_yoy":202.9197080292
    },
    {
        "date":"2024-11-29",
        "symbol":"ADBE",
        "reportedCurrency":"USD",
        "cik":"0000796343",
        "filingDate":"2025-01-13",
        "acceptedDate":"2025-01-13 16:02:17",
        "fiscalYear":"2024",
        "period":"Q4",
        "revenue":5606000000,
        "costOfRevenue":616000000,
        "grossProfit":4990000000,
        "researchAndDevelopmentExpenses":999000000,
        "generalAndAdministrativeExpenses":456000000,
        "sellingAndMarketingExpenses":1536000000,
        "sellingGeneralAndAdministrativeExpenses":1992000000,
        "otherExpenses":42000000,
        "operatingExpenses":3033000000,
        "costAndExpenses":3649000000,
        "netInterestIncome":-50000000,
        "interestIncome":0,
        "interestExpense":50000000,
        "depreciationAndAmortization":218000000,
        "ebitda":2259000000,
        "ebit":2041000000,
        "nonOperatingIncomeExcludingInterest":-84000000,
        "operatingIncome":1957000000,
        "totalOtherIncomeExpensesNet":34000000,
        "incomeBeforeTax":1991000000,
        "incomeTaxExpense":308000000,
        "netIncomeFromContinuingOperations":1683000000,
        "netIncomeFromDiscontinuedOperations":0,
        "otherAdjustmentsToNetIncome":0,
        "netIncome":1683000000,
        "netIncomeDeductions":0,
        "bottomLineNetIncome":1683000000,
        "eps":3.81,
        "epsDiluted":3.8,
        "weightedAverageShsOut":443000000,
        "weightedAverageShsOutDil":443000000,
        "symbol_1":"ADBE",
        "reportedCurrency_1":"USD",
        "cik_1":"0000796343",
        "filingDate_1":"2025-01-13",
        "acceptedDate_1":"2025-01-13 16:02:17",
        "fiscalYear_1":"2024",
        "period_1":"Q4",
        "netIncome_1":1683000000,
        "depreciationAndAmortization_1":218000000,
        "deferredIncomeTax":0,
        "stockBasedCompensation":441000000,
        "changeInWorkingCapital":617000000,
        "accountsReceivables":-271000000,
        "inventory":0,
        "accountsPayables":42000000,
        "otherWorkingCapital":846000000,
        "otherNonCashItems":-38000000,
        "netCashProvidedByOperatingActivities":2921000000,
        "investmentsInPropertyPlantAndEquipment":-48000000,
        "acquisitionsNet":0,
        "purchasesOfInvestments":67000000,
        "salesMaturitiesOfInvestments":109000000,
        "otherInvestingActivities":-109000000,
        "netCashProvidedByInvestingActivities":19000000,
        "netDebtIssuance":-1997000000,
        "longTermNetDebtIssuance":-1997000000,
        "shortTermNetDebtIssuance":0,
        "netStockIssuance":-2652000000,
        "netCommonStockIssuance":-2652000000,
        "commonStockIssuance":-152000000,
        "commonStockRepurchased":-2500000000,
        "netPreferredStockIssuance":0,
        "netDividendsPaid":0,
        "commonDividendsPaid":0,
        "preferredDividendsPaid":0,
        "otherFinancingActivities":2148000000,
        "netCashProvidedByFinancingActivities":-2501000000,
        "effectOfForexChangesOnCash":-19000000,
        "netChangeInCash":420000000,
        "cashAtEndOfPeriod":7613000000,
        "cashAtBeginningOfPeriod":7193000000,
        "operatingCashFlow":2921000000,
        "capitalExpenditure":-48000000,
        "freeCashFlow":2873000000,
        "incomeTaxesPaid":-1389000000,
        "interestPaid":49000000,
        "symbol_2":"ADBE",
        "stockPrice":515.93,
        "numberOfShares":443000000,
        "marketCapitalization":228556989999,
        "minusCashAndCashEquivalents":7613000000,
        "addTotalDebt":6056000000,
        "enterpriseValue":226999989999,
        "revenue_qoq":3.6612426036,
        "revenue_yoy":11.0538827258,
        "netIncome_qoq":-0.0593824228,
        "netIncome_yoy":13.4861766689,
        "operatingCashFlow_qoq":44.5324096982,
        "operatingCashFlow_yoy":82.9054477145,
        "eps_qoq":0.7936507937,
        "eps_yoy":16.8711656442
    },
    {
        "date":"2024-08-30",
        "symbol":"ADBE",
        "reportedCurrency":"USD",
        "cik":"0000796343",
        "filingDate":"2024-09-25",
        "acceptedDate":"2024-09-25 16:01:59",
        "fiscalYear":"2024",
        "period":"Q3",
        "revenue":5408000000,
        "costOfRevenue":554000000,
        "grossProfit":4854000000,
        "researchAndDevelopmentExpenses":1022000000,
        "generalAndAdministrativeExpenses":366000000,
        "sellingAndMarketingExpenses":1431000000,
        "sellingGeneralAndAdministrativeExpenses":1797000000,
        "otherExpenses":43000000,
        "operatingExpenses":2862000000,
        "costAndExpenses":3416000000,
        "netInterestIncome":-51000000,
        "interestIncome":0,
        "interestExpense":51000000,
        "depreciationAndAmortization":213000000,
        "ebitda":2306000000,
        "ebit":2093000000,
        "nonOperatingIncomeExcludingInterest":-101000000,
        "operatingIncome":1992000000,
        "totalOtherIncomeExpensesNet":50000000,
        "incomeBeforeTax":2042000000,
        "incomeTaxExpense":358000000,
        "netIncomeFromContinuingOperations":1684000000,
        "netIncomeFromDiscontinuedOperations":0,
        "otherAdjustmentsToNetIncome":0,
        "netIncome":1684000000,
        "netIncomeDeductions":0,
        "bottomLineNetIncome":1684000000,
        "eps":3.78,
        "epsDiluted":3.76,
        "weightedAverageShsOut":445000000,
        "weightedAverageShsOutDil":448000000,
        "symbol_1":"ADBE",
        "reportedCurrency_1":"USD",
        "cik_1":"0000796343",
        "filingDate_1":"2024-09-25",
        "acceptedDate_1":"2024-09-25 16:01:59",
        "fiscalYear_1":"2024",
        "period_1":"Q3",
        "netIncome_1":1684000000,
        "depreciationAndAmortization_1":213000000,
        "deferredIncomeTax":-103000000,
        "stockBasedCompensation":474000000,
        "changeInWorkingCapital":-259000000,
        "accountsReceivables":-190000000,
        "inventory":0,
        "accountsPayables":-43000000,
        "otherWorkingCapital":-26000000,
        "otherNonCashItems":12000000,
        "netCashProvidedByOperatingActivities":2021000000,
        "investmentsInPropertyPlantAndEquipment":-8000000,
        "acquisitionsNet":0,
        "purchasesOfInvestments":-76000000,
        "salesMaturitiesOfInvestments":88000000,
        "otherInvestingActivities":-51000000,
        "netCashProvidedByInvestingActivities":-47000000,
        "netDebtIssuance":0,
        "longTermNetDebtIssuance":0,
        "shortTermNetDebtIssuance":0,
        "netStockIssuance":-2236000000,
        "netCommonStockIssuance":-2236000000,
        "commonStockIssuance":264000000,
        "commonStockRepurchased":-2500000000,
        "netPreferredStockIssuance":0,
        "netDividendsPaid":0,
        "commonDividendsPaid":0,
        "preferredDividendsPaid":0,
        "otherFinancingActivities":-217000000,
        "netCashProvidedByFinancingActivities":-2453000000,
        "effectOfForexChangesOnCash":12000000,
        "netChangeInCash":-467000000,
        "cashAtEndOfPeriod":7193000000,
        "cashAtBeginningOfPeriod":7660000000,
        "operatingCashFlow":2021000000,
        "capitalExpenditure":-57000000,
        "freeCashFlow":1964000000,
        "incomeTaxesPaid":488000000,
        "interestPaid":46000000,
        "symbol_2":"ADBE",
        "stockPrice":574.41,
        "numberOfShares":445000000,
        "marketCapitalization":255612450000,
        "minusCashAndCashEquivalents":7193000000,
        "addTotalDebt":6078000000,
        "enterpriseValue":254497450000,
        "revenue_qoq":1.8647579582,
        "revenue_yoy":10.5930470348,
        "netIncome_qoq":7.0565797839,
        "netIncome_yoy":20.028510335,
        "operatingCashFlow_qoq":4.175257732,
        "operatingCashFlow_yoy":7.9017618793,
        "eps_qoq":8.0,
        "eps_yoy":23.1270358306
    },
    {
        "date":"2024-05-31",
        "symbol":"ADBE",
        "reportedCurrency":"USD",
        "cik":"0000796343",
        "filingDate":"2024-06-26",
        "acceptedDate":"2024-06-26 16:03:14",
        "fiscalYear":"2024",
        "period":"Q2",
        "revenue":5309000000,
        "costOfRevenue":598000000,
        "grossProfit":4711000000,
        "researchAndDevelopmentExpenses":984000000,
        "generalAndAdministrativeExpenses":355000000,
        "sellingAndMarketingExpenses":1445000000,
        "sellingGeneralAndAdministrativeExpenses":1800000000,
        "otherExpenses":42000000,
        "operatingExpenses":2826000000,
        "costAndExpenses":3424000000,
        "netInterestIncome":-41000000,
        "interestIncome":0,
        "interestExpense":41000000,
        "depreciationAndAmortization":214000000,
        "ebitda":2185000000,
        "ebit":1971000000,
        "nonOperatingIncomeExcludingInterest":-86000000,
        "operatingIncome":1885000000,
        "totalOtherIncomeExpensesNet":45000000,
        "incomeBeforeTax":1930000000,
        "incomeTaxExpense":357000000,
        "netIncomeFromContinuingOperations":1573000000,
        "netIncomeFromDiscontinuedOperations":0,
        "otherAdjustmentsToNetIncome":0,
        "netIncome":1573000000,
        "netIncomeDeductions":0,
        "bottomLineNetIncome":1573000000,
        "eps":3.5,
        "epsDiluted":3.49,
        "weightedAverageShsOut":449000000,
        "weightedAverageShsOutDil":451000000,
        "symbol_1":"ADBE",
        "reportedCurrency_1":"USD",
        "cik_1":"0000796343",
        "filingDate_1":"2024-06-26",
        "acceptedDate_1":"2024-06-26 16:03:14",
        "fiscalYear_1":"2024",
        "period_1":"Q2",
        "netIncome_1":1573000000,
        "depreciationAndAmortization_1":214000000,
        "deferredIncomeTax":-122000000,
        "stockBasedCompensation":467000000,
        "changeInWorkingCapital":-215000000,
        "accountsReceivables":438000000,
        "inventory":0,
        "accountsPayables":57000000,
        "otherWorkingCapital":-710000000,
        "otherNonCashItems":23000000,
        "netCashProvidedByOperatingActivities":1940000000,
        "investmentsInPropertyPlantAndEquipment":-41000000,
        "acquisitionsNet":0,
        "purchasesOfInvestments":-11000000,
        "salesMaturitiesOfInvestments":163000000,
        "otherInvestingActivities":0,
        "netCashProvidedByInvestingActivities":111000000,
        "netDebtIssuance":1997000000,
        "longTermNetDebtIssuance":1997000000,
        "shortTermNetDebtIssuance":0,
        "netStockIssuance":-2500000000,
        "netCommonStockIssuance":-2500000000,
        "commonStockIssuance":0,
        "commonStockRepurchased":-2500000000,
        "netPreferredStockIssuance":0,
        "netDividendsPaid":0,
        "commonDividendsPaid":0,
        "preferredDividendsPaid":0,
        "otherFinancingActivities":-139000000,
        "netCashProvidedByFinancingActivities":-642000000,
        "effectOfForexChangesOnCash":-3000000,
        "netChangeInCash":1406000000,
        "cashAtEndOfPeriod":7660000000,
        "cashAtBeginningOfPeriod":6254000000,
        "operatingCashFlow":1940000000,
        "capitalExpenditure":-52000000,
        "freeCashFlow":1888000000,
        "incomeTaxesPaid":696000000,
        "interestPaid":1000000,
        "symbol_2":"ADBE",
        "stockPrice":444.76,
        "numberOfShares":449000000,
        "marketCapitalization":199697240000,
        "minusCashAndCashEquivalents":7660000000,
        "addTotalDebt":6090000000,
        "enterpriseValue":198127240000,
        "revenue_qoq":2.4507912003,
        "revenue_yoy":10.2367109635,
        "netIncome_qoq":153.7096774194,
        "netIncome_yoy":21.4671814672,
        "operatingCashFlow_qoq":65.2470187394,
        "operatingCashFlow_yoy":-9.3034128097,
        "eps_qoq":155.4744525547,
        "eps_yoy":23.6749116608
    },
    {
        "date":"2024-03-01",
        "symbol":"ADBE",
        "reportedCurrency":"USD",
        "cik":"0000796343",
        "filingDate":"2024-03-27",
        "acceptedDate":"2024-03-27 08:05:50",
        "fiscalYear":"2024",
        "period":"Q1",
        "revenue":5182000000,
        "costOfRevenue":590000000,
        "grossProfit":4592000000,
        "researchAndDevelopmentExpenses":939000000,
        "generalAndAdministrativeExpenses":352000000,
        "sellingAndMarketingExpenses":1352000000,
        "sellingGeneralAndAdministrativeExpenses":1704000000,
        "otherExpenses":1042000000,
        "operatingExpenses":3685000000,
        "costAndExpenses":4275000000,
        "netInterestIncome":-27000000,
        "interestIncome":0,
        "interestExpense":27000000,
        "depreciationAndAmortization":212000000,
        "ebitda":1207000000,
        "ebit":995000000,
        "nonOperatingIncomeExcludingInterest":-88000000,
        "operatingIncome":907000000,
        "totalOtherIncomeExpensesNet":61000000,
        "incomeBeforeTax":968000000,
        "incomeTaxExpense":348000000,
        "netIncomeFromContinuingOperations":620000000,
        "netIncomeFromDiscontinuedOperations":0,
        "otherAdjustmentsToNetIncome":0,
        "netIncome":620000000,
        "netIncomeDeductions":0,
        "bottomLineNetIncome":620000000,
        "eps":1.37,
        "epsDiluted":1.36,
        "weightedAverageShsOut":453000000,
        "weightedAverageShsOutDil":456000000,
        "symbol_1":"ADBE",
        "reportedCurrency_1":"USD",
        "cik_1":"0000796343",
        "filingDate_1":"2024-03-27",
        "acceptedDate_1":"2024-03-27 08:05:50",
        "fiscalYear_1":"2024",
        "period_1":"Q1",
        "netIncome_1":620000000,
        "depreciationAndAmortization_1":212000000,
        "deferredIncomeTax":-116000000,
        "stockBasedCompensation":451000000,
        "changeInWorkingCapital":1000000,
        "accountsReceivables":166000000,
        "inventory":0,
        "accountsPayables":-12000000,
        "otherWorkingCapital":-153000000,
        "otherNonCashItems":6000000,
        "netCashProvidedByOperatingActivities":1174000000,
        "investmentsInPropertyPlantAndEquipment":-37000000,
        "acquisitionsNet":0,
        "purchasesOfInvestments":-38000000,
        "salesMaturitiesOfInvestments":141000000,
        "otherInvestingActivities":0,
        "netCashProvidedByInvestingActivities":66000000,
        "netDebtIssuance":0,
        "longTermNetDebtIssuance":0,
        "shortTermNetDebtIssuance":0,
        "netStockIssuance":-1903000000,
        "netCommonStockIssuance":-1903000000,
        "commonStockIssuance":97000000,
        "commonStockRepurchased":-2000000000,
        "netPreferredStockIssuance":0,
        "netDividendsPaid":0,
        "commonDividendsPaid":0,
        "preferredDividendsPaid":0,
        "otherFinancingActivities":-225000000,
        "netCashProvidedByFinancingActivities":-2128000000,
        "effectOfForexChangesOnCash":1000000,
        "netChangeInCash":-887000000,
        "cashAtEndOfPeriod":6254000000,
        "cashAtBeginningOfPeriod":7141000000,
        "operatingCashFlow":1174000000,
        "capitalExpenditure":-75000000,
        "freeCashFlow":1099000000,
        "incomeTaxesPaid":205000000,
        "interestPaid":47000000,
        "symbol_2":"ADBE",
        "stockPrice":570.93,
        "numberOfShares":453000000,
        "marketCapitalization":258631289999,
        "minusCashAndCashEquivalents":6254000000,
        "addTotalDebt":4086000000,
        "enterpriseValue":256463289999,
        "revenue_qoq":2.6545166403,
        "revenue_yoy":11.321160043,
        "netIncome_qoq":-58.1928523264,
        "netIncome_yoy":-50.2806736167,
        "operatingCashFlow_qoq":-26.4871634314,
        "operatingCashFlow_yoy":-30.6556408742,
        "eps_qoq":-57.9754601227,
        "eps_yoy":-49.4464944649
    },
    {
        "date":"2023-12-01",
        "symbol":"ADBE",
        "reportedCurrency":"USD",
        "cik":"0000796343",
        "filingDate":"2024-01-17",
        "acceptedDate":"2024-01-16 20:01:55",
        "fiscalYear":"2023",
        "period":"Q4",
        "revenue":5048000000,
        "costOfRevenue":634000000,
        "grossProfit":4414000000,
        "researchAndDevelopmentExpenses":889000000,
        "generalAndAdministrativeExpenses":372000000,
        "sellingAndMarketingExpenses":1368000000,
        "sellingGeneralAndAdministrativeExpenses":1740000000,
        "otherExpenses":42000000,
        "operatingExpenses":2671000000,
        "costAndExpenses":3305000000,
        "netInterestIncome":241000000,
        "interestIncome":269000000,
        "interestExpense":28000000,
        "depreciationAndAmortization":240000000,
        "ebitda":2076000000,
        "ebit":1836000000,
        "nonOperatingIncomeExcludingInterest":-93000000,
        "operatingIncome":1743000000,
        "totalOtherIncomeExpensesNet":65000000,
        "incomeBeforeTax":1808000000,
        "incomeTaxExpense":325000000,
        "netIncomeFromContinuingOperations":1483000000,
        "netIncomeFromDiscontinuedOperations":0,
        "otherAdjustmentsToNetIncome":0,
        "netIncome":1483000000,
        "netIncomeDeductions":0,
        "bottomLineNetIncome":1483000000,
        "eps":3.26,
        "epsDiluted":3.23,
        "weightedAverageShsOut":455000000,
        "weightedAverageShsOutDil":459000000,
        "symbol_1":"ADBE",
        "reportedCurrency_1":"USD",
        "cik_1":"0000796343",
        "filingDate_1":"2024-01-17",
        "acceptedDate_1":"2024-01-16 20:01:55",
        "fiscalYear_1":"2023",
        "period_1":"Q4",
        "netIncome_1":1483000000,
        "depreciationAndAmortization_1":222000000,
        "deferredIncomeTax":-3000000,
        "stockBasedCompensation":427000000,
        "changeInWorkingCapital":-403000000,
        "accountsReceivables":-376000000,
        "inventory":378000000,
        "accountsPayables":-2000000,
        "otherWorkingCapital":-403000000,
        "otherNonCashItems":-129000000,
        "netCashProvidedByOperatingActivities":1597000000,
        "investmentsInPropertyPlantAndEquipment":-47000000,
        "acquisitionsNet":-200000000,
        "purchasesOfInvestments":-19000000,
        "salesMaturitiesOfInvestments":219000000,
        "otherInvestingActivities":200000000,
        "netCashProvidedByInvestingActivities":153000000,
        "netDebtIssuance":0,
        "longTermNetDebtIssuance":0,
        "shortTermNetDebtIssuance":0,
        "netStockIssuance":-1000000000,
        "netCommonStockIssuance":-1000000000,
        "commonStockIssuance":0,
        "commonStockRepurchased":-1000000000,
        "netPreferredStockIssuance":0,
        "netDividendsPaid":0,
        "commonDividendsPaid":0,
        "preferredDividendsPaid":0,
        "otherFinancingActivities":-217000000,
        "netCashProvidedByFinancingActivities":-1217000000,
        "effectOfForexChangesOnCash":7000000,
        "netChangeInCash":540000000,
        "cashAtEndOfPeriod":7141000000,
        "cashAtBeginningOfPeriod":6601000000,
        "operatingCashFlow":1597000000,
        "capitalExpenditure":-47000000,
        "freeCashFlow":1550000000,
        "incomeTaxesPaid":1264000000,
        "interestPaid":3000000,
        "symbol_2":"ADBE",
        "stockPrice":612.47,
        "numberOfShares":455000000,
        "marketCapitalization":278673850000,
        "minusCashAndCashEquivalents":7141000000,
        "addTotalDebt":4080000000,
        "enterpriseValue":275612850000,
        "revenue_qoq":3.2310838446,
        "revenue_yoy":11.5580110497,
        "netIncome_qoq":5.7020669993,
        "netIncome_yoy":26.1054421769,
        "operatingCashFlow_qoq":-14.7357180993,
        "operatingCashFlow_yoy":-31.311827957,
        "eps_qoq":6.1889250814,
        "eps_yoy":28.8537549407
    },
    {
        "date":"2023-09-01",
        "symbol":"ADBE",
        "reportedCurrency":"USD",
        "cik":"0000796343",
        "filingDate":"2023-09-27",
        "acceptedDate":"2023-09-27 16:05:22",
        "fiscalYear":"2023",
        "period":"Q3",
        "revenue":4890000000,
        "costOfRevenue":580000000,
        "grossProfit":4310000000,
        "researchAndDevelopmentExpenses":881000000,
        "generalAndAdministrativeExpenses":353000000,
        "sellingAndMarketingExpenses":1337000000,
        "sellingGeneralAndAdministrativeExpenses":1690000000,
        "otherExpenses":42000000,
        "operatingExpenses":2613000000,
        "costAndExpenses":3193000000,
        "netInterestIncome":-27000000,
        "interestIncome":0,
        "interestExpense":27000000,
        "depreciationAndAmortization":236000000,
        "ebitda":2006000000,
        "ebit":1770000000,
        "nonOperatingIncomeExcludingInterest":-73000000,
        "operatingIncome":1697000000,
        "totalOtherIncomeExpensesNet":46000000,
        "incomeBeforeTax":1743000000,
        "incomeTaxExpense":340000000,
        "netIncomeFromContinuingOperations":1403000000,
        "netIncomeFromDiscontinuedOperations":0,
        "otherAdjustmentsToNetIncome":0,
        "netIncome":1403000000,
        "netIncomeDeductions":0,
        "bottomLineNetIncome":1403000000,
        "eps":3.07,
        "epsDiluted":3.05,
        "weightedAverageShsOut":456000000,
        "weightedAverageShsOutDil":459000000,
        "symbol_1":"ADBE",
        "reportedCurrency_1":"USD",
        "cik_1":"0000796343",
        "filingDate_1":"2023-09-27",
        "acceptedDate_1":"2023-09-27 16:05:22",
        "fiscalYear_1":"2023",
        "period_1":"Q3",
        "netIncome_1":1403000000,
        "depreciationAndAmortization_1":218000000,
        "deferredIncomeTax":-5000000,
        "stockBasedCompensation":442000000,
        "changeInWorkingCapital":-98000000,
        "accountsReceivables":-168000000,
        "inventory":186000000,
        "accountsPayables":-18000000,
        "otherWorkingCapital":-98000000,
        "otherNonCashItems":-87000000,
        "netCashProvidedByOperatingActivities":1873000000,
        "investmentsInPropertyPlantAndEquipment":-91000000,
        "acquisitionsNet":0,
        "purchasesOfInvestments":0,
        "salesMaturitiesOfInvestments":236000000,
        "otherInvestingActivities":0,
        "netCashProvidedByInvestingActivities":145000000,
        "netDebtIssuance":0,
        "longTermNetDebtIssuance":0,
        "shortTermNetDebtIssuance":0,
        "netStockIssuance":-756000000,
        "netCommonStockIssuance":-756000000,
        "commonStockIssuance":244000000,
        "commonStockRepurchased":-1000000000,
        "netPreferredStockIssuance":0,
        "netDividendsPaid":0,
        "commonDividendsPaid":0,
        "preferredDividendsPaid":0,
        "otherFinancingActivities":-115000000,
        "netCashProvidedByFinancingActivities":-871000000,
        "effectOfForexChangesOnCash":-2000000,
        "netChangeInCash":1145000000,
        "cashAtEndOfPeriod":6601000000,
        "cashAtBeginningOfPeriod":5456000000,
        "operatingCashFlow":1873000000,
        "capitalExpenditure":-91000000,
        "freeCashFlow":1782000000,
        "incomeTaxesPaid":155000000,
        "interestPaid":47000000,
        "symbol_2":"ADBE",
        "stockPrice":563.21,
        "numberOfShares":456000000,
        "marketCapitalization":256823760000,
        "minusCashAndCashEquivalents":6601000000,
        "addTotalDebt":4096000000,
        "enterpriseValue":254318760000,
        "revenue_qoq":1.5365448505,
        "revenue_yoy":10.3090457929,
        "netIncome_qoq":8.3397683398,
        "netIncome_yoy":23.5035211268,
        "operatingCashFlow_qoq":-12.4357176251,
        "operatingCashFlow_yoy":9.9178403756,
        "eps_qoq":8.480565371,
        "eps_yoy":26.8595041322
    },
    {
        "date":"2023-06-02",
        "symbol":"ADBE",
        "reportedCurrency":"USD",
        "cik":"0000796343",
        "filingDate":"2023-06-28",
        "acceptedDate":"2023-06-28 16:25:23",
        "fiscalYear":"2023",
        "period":"Q2",
        "revenue":4816000000,
        "costOfRevenue":572000000,
        "grossProfit":4244000000,
        "researchAndDevelopmentExpenses":876000000,
        "generalAndAdministrativeExpenses":357000000,
        "sellingAndMarketingExpenses":1345000000,
        "sellingGeneralAndAdministrativeExpenses":1702000000,
        "otherExpenses":42000000,
        "operatingExpenses":2620000000,
        "costAndExpenses":3192000000,
        "netInterestIncome":-26000000,
        "interestIncome":0,
        "interestExpense":26000000,
        "depreciationAndAmortization":235000000,
        "ebitda":1911000000,
        "ebit":1676000000,
        "nonOperatingIncomeExcludingInterest":-52000000,
        "operatingIncome":1624000000,
        "totalOtherIncomeExpensesNet":26000000,
        "incomeBeforeTax":1650000000,
        "incomeTaxExpense":355000000,
        "netIncomeFromContinuingOperations":1295000000,
        "netIncomeFromDiscontinuedOperations":0,
        "otherAdjustmentsToNetIncome":0,
        "netIncome":1295000000,
        "netIncomeDeductions":0,
        "bottomLineNetIncome":1295000000,
        "eps":2.83,
        "epsDiluted":2.82,
        "weightedAverageShsOut":458000000,
        "weightedAverageShsOutDil":459000000,
        "symbol_1":"ADBE",
        "reportedCurrency_1":"USD",
        "cik_1":"0000796343",
        "filingDate_1":"2023-06-28",
        "acceptedDate_1":"2023-06-28 16:25:23",
        "fiscalYear_1":"2023",
        "period_1":"Q2",
        "netIncome_1":1295000000,
        "depreciationAndAmortization_1":220000000,
        "deferredIncomeTax":-5000000,
        "stockBasedCompensation":433000000,
        "changeInWorkingCapital":298000000,
        "accountsReceivables":116000000,
        "inventory":-142000000,
        "accountsPayables":26000000,
        "otherWorkingCapital":298000000,
        "otherNonCashItems":-102000000,
        "netCashProvidedByOperatingActivities":2139000000,
        "investmentsInPropertyPlantAndEquipment":-121000000,
        "acquisitionsNet":0,
        "purchasesOfInvestments":443000000,
        "salesMaturitiesOfInvestments":447000000,
        "otherInvestingActivities":-447000000,
        "netCashProvidedByInvestingActivities":322000000,
        "netDebtIssuance":0,
        "longTermNetDebtIssuance":0,
        "shortTermNetDebtIssuance":0,
        "netStockIssuance":-999000000,
        "netCommonStockIssuance":-999000000,
        "commonStockIssuance":1000000,
        "commonStockRepurchased":-1000000000,
        "netPreferredStockIssuance":0,
        "netDividendsPaid":0,
        "commonDividendsPaid":0,
        "preferredDividendsPaid":0,
        "otherFinancingActivities":-81000000,
        "netCashProvidedByFinancingActivities":-1080000000,
        "effectOfForexChangesOnCash":3000000,
        "netChangeInCash":1384000000,
        "cashAtEndOfPeriod":5456000000,
        "cashAtBeginningOfPeriod":4072000000,
        "operatingCashFlow":2139000000,
        "capitalExpenditure":-121000000,
        "freeCashFlow":2018000000,
        "incomeTaxesPaid":221000000,
        "interestPaid":1000000,
        "symbol_2":"ADBE",
        "stockPrice":436.37,
        "numberOfShares":458000000,
        "marketCapitalization":199857460000,
        "minusCashAndCashEquivalents":5456000000,
        "addTotalDebt":4113000000,
        "enterpriseValue":198514460000,
        "revenue_qoq":3.4586466165,
        "revenue_yoy":9.8039215686,
        "netIncome_qoq":3.8492381716,
        "netIncome_yoy":9.9320882852,
        "operatingCashFlow_qoq":26.3437684584,
        "operatingCashFlow_yoy":4.8529411765,
        "eps_qoq":4.4280442804,
        "eps_yoy":13.2
    },
    {
        "date":"2023-03-03",
        "symbol":"ADBE",
        "reportedCurrency":"USD",
        "cik":"0000796343",
        "filingDate":"2023-03-29",
        "acceptedDate":"2023-03-29 17:15:50",
        "fiscalYear":"2023",
        "period":"Q1",
        "revenue":4655000000,
        "costOfRevenue":568000000,
        "grossProfit":4087000000,
        "researchAndDevelopmentExpenses":827000000,
        "generalAndAdministrativeExpenses":331000000,
        "sellingAndMarketingExpenses":1301000000,
        "sellingGeneralAndAdministrativeExpenses":1632000000,
        "otherExpenses":42000000,
        "operatingExpenses":2501000000,
        "costAndExpenses":3069000000,
        "netInterestIncome":-32000000,
        "interestIncome":0,
        "interestExpense":32000000,
        "depreciationAndAmortization":212000000,
        "ebitda":1798000000,
        "ebit":1586000000,
        "nonOperatingIncomeExcludingInterest":0,
        "operatingIncome":1586000000,
        "totalOtherIncomeExpensesNet":12000000,
        "incomeBeforeTax":1598000000,
        "incomeTaxExpense":351000000,
        "netIncomeFromContinuingOperations":1247000000,
        "netIncomeFromDiscontinuedOperations":0,
        "otherAdjustmentsToNetIncome":0,
        "netIncome":1247000000,
        "netIncomeDeductions":0,
        "bottomLineNetIncome":1247000000,
        "eps":2.71,
        "epsDiluted":2.71,
        "weightedAverageShsOut":459500000,
        "weightedAverageShsOutDil":459500000,
        "symbol_1":"ADBE",
        "reportedCurrency_1":"USD",
        "cik_1":"0000796343",
        "filingDate_1":"2023-03-29",
        "acceptedDate_1":"2023-03-29 17:15:50",
        "fiscalYear_1":"2023",
        "period_1":"Q1",
        "netIncome_1":1247000000,
        "depreciationAndAmortization_1":212000000,
        "deferredIncomeTax":0,
        "stockBasedCompensation":416000000,
        "changeInWorkingCapital":-312000000,
        "accountsReceivables":269000000,
        "inventory":0,
        "accountsPayables":0,
        "otherWorkingCapital":-581000000,
        "otherNonCashItems":130000000,
        "netCashProvidedByOperatingActivities":1693000000,
        "investmentsInPropertyPlantAndEquipment":-101000000,
        "acquisitionsNet":0,
        "purchasesOfInvestments":0,
        "salesMaturitiesOfInvestments":0,
        "otherInvestingActivities":257000000,
        "netCashProvidedByInvestingActivities":156000000,
        "netDebtIssuance":-500000000,
        "longTermNetDebtIssuance":-500000000,
        "shortTermNetDebtIssuance":0,
        "netStockIssuance":-1564000000,
        "netCommonStockIssuance":-1564000000,
        "commonStockIssuance":0,
        "commonStockRepurchased":-1564000000,
        "netPreferredStockIssuance":0,
        "netDividendsPaid":0,
        "commonDividendsPaid":0,
        "preferredDividendsPaid":0,
        "otherFinancingActivities":50000000,
        "netCashProvidedByFinancingActivities":-2014000000,
        "effectOfForexChangesOnCash":1000000,
        "netChangeInCash":-164000000,
        "cashAtEndOfPeriod":4072000000,
        "cashAtBeginningOfPeriod":4236000000,
        "operatingCashFlow":1693000000,
        "capitalExpenditure":-101000000,
        "freeCashFlow":1592000000,
        "incomeTaxesPaid":214000000,
        "interestPaid":55000000,
        "symbol_2":"ADBE",
        "stockPrice":344.04,
        "numberOfShares":459500000,
        "marketCapitalization":158086380000,
        "minusCashAndCashEquivalents":4072000000,
        "addTotalDebt":4126000000,
        "enterpriseValue":158140380000,
        "revenue_qoq":2.8729281768,
        "revenue_yoy":9.2210229939,
        "netIncome_qoq":6.037414966,
        "netIncome_yoy":-1.5007898894,
        "operatingCashFlow_qoq":-27.1827956989,
        "operatingCashFlow_yoy":-4.2962125495,
        "eps_qoq":7.1146245059,
        "eps_yoy":1.4981273408
    },
    {
        "date":"2022-12-02",
        "symbol":"ADBE",
        "reportedCurrency":"USD",
        "cik":"0000796343",
        "filingDate":"2023-01-17",
        "acceptedDate":"2023-01-17 16:34:00",
        "fiscalYear":"2022",
        "period":"Q4",
        "revenue":4525000000,
        "costOfRevenue":568000000,
        "grossProfit":3957000000,
        "researchAndDevelopmentExpenses":773000000,
        "generalAndAdministrativeExpenses":340000000,
        "sellingAndMarketingExpenses":1297000000,
        "sellingGeneralAndAdministrativeExpenses":1637000000,
        "otherExpenses":42000000,
        "operatingExpenses":2452000000,
        "costAndExpenses":3020000000,
        "netInterestIncome":-28000000,
        "interestIncome":0,
        "interestExpense":28000000,
        "depreciationAndAmortization":215000000,
        "ebitda":1720000000,
        "ebit":1505000000,
        "nonOperatingIncomeExcludingInterest":0,
        "operatingIncome":1505000000,
        "totalOtherIncomeExpensesNet":12000000,
        "incomeBeforeTax":1517000000,
        "incomeTaxExpense":341000000,
        "netIncomeFromContinuingOperations":1176000000,
        "netIncomeFromDiscontinuedOperations":0,
        "otherAdjustmentsToNetIncome":0,
        "netIncome":1176000000,
        "netIncomeDeductions":0,
        "bottomLineNetIncome":1176000000,
        "eps":2.53,
        "epsDiluted":2.52,
        "weightedAverageShsOut":465307000,
        "weightedAverageShsOutDil":466000000,
        "symbol_1":"ADBE",
        "reportedCurrency_1":"USD",
        "cik_1":"0000796343",
        "filingDate_1":"2023-01-17",
        "acceptedDate_1":"2023-01-17 16:34:00",
        "fiscalYear_1":"2022",
        "period_1":"Q4",
        "netIncome_1":1176000000,
        "depreciationAndAmortization_1":215000000,
        "deferredIncomeTax":0,
        "stockBasedCompensation":388000000,
        "changeInWorkingCapital":-61000000,
        "accountsReceivables":-344000000,
        "inventory":0,
        "accountsPayables":0,
        "otherWorkingCapital":283000000,
        "otherNonCashItems":607000000,
        "netCashProvidedByOperatingActivities":2325000000,
        "investmentsInPropertyPlantAndEquipment":-91000000,
        "acquisitionsNet":0,
        "purchasesOfInvestments":0,
        "salesMaturitiesOfInvestments":0,
        "otherInvestingActivities":22000000,
        "netCashProvidedByInvestingActivities":-69000000,
        "netDebtIssuance":0,
        "longTermNetDebtIssuance":0,
        "shortTermNetDebtIssuance":0,
        "netStockIssuance":-1817000000,
        "netCommonStockIssuance":-1817000000,
        "commonStockIssuance":0,
        "commonStockRepurchased":-1817000000,
        "netPreferredStockIssuance":0,
        "netDividendsPaid":0,
        "commonDividendsPaid":0,
        "preferredDividendsPaid":0,
        "otherFinancingActivities":-94000000,
        "netCashProvidedByFinancingActivities":-1911000000,
        "effectOfForexChangesOnCash":21000000,
        "netChangeInCash":366000000,
        "cashAtEndOfPeriod":4236000000,
        "cashAtBeginningOfPeriod":3870000000,
        "operatingCashFlow":2325000000,
        "capitalExpenditure":-91000000,
        "freeCashFlow":2234000000,
        "incomeTaxesPaid":292000000,
        "interestPaid":2000000,
        "symbol_2":"ADBE",
        "stockPrice":341.53,
        "numberOfShares":465307000,
        "marketCapitalization":158916299710,
        "minusCashAndCashEquivalents":4236000000,
        "addTotalDebt":4633000000,
        "enterpriseValue":159313299710,
        "revenue_qoq":2.0753440108,
        "revenue_yoy":10.097323601,
        "netIncome_qoq":3.5211267606,
        "netIncome_yoy":-4.6228710462,
        "operatingCashFlow_qoq":36.4436619718,
        "operatingCashFlow_yoy":12.5363020329,
        "eps_qoq":4.5454545455,
        "eps_yoy":-2.3166023166
    },
    {
        "date":"2022-09-02",
        "symbol":"ADBE",
        "reportedCurrency":"USD",
        "cik":"0000796343",
        "filingDate":"2022-09-28",
        "acceptedDate":"2022-09-28 16:03:14",
        "fiscalYear":"2022",
        "period":"Q3",
        "revenue":4433000000,
        "costOfRevenue":546000000,
        "grossProfit":3887000000,
        "researchAndDevelopmentExpenses":775000000,
        "generalAndAdministrativeExpenses":319000000,
        "sellingAndMarketingExpenses":1266000000,
        "sellingGeneralAndAdministrativeExpenses":1585000000,
        "otherExpenses":43000000,
        "operatingExpenses":2403000000,
        "costAndExpenses":2949000000,
        "netInterestIncome":-28000000,
        "interestIncome":0,
        "interestExpense":28000000,
        "depreciationAndAmortization":216000000,
        "ebitda":1700000000,
        "ebit":1484000000,
        "nonOperatingIncomeExcludingInterest":0,
        "operatingIncome":1484000000,
        "totalOtherIncomeExpensesNet":-28000000,
        "incomeBeforeTax":1456000000,
        "incomeTaxExpense":320000000,
        "netIncomeFromContinuingOperations":1136000000,
        "netIncomeFromDiscontinuedOperations":0,
        "otherAdjustmentsToNetIncome":0,
        "netIncome":1136000000,
        "netIncomeDeductions":0,
        "bottomLineNetIncome":1136000000,
        "eps":2.42,
        "epsDiluted":2.42,
        "weightedAverageShsOut":469000000,
        "weightedAverageShsOutDil":469000000,
        "symbol_1":"ADBE",
        "reportedCurrency_1":"USD",
        "cik_1":"0000796343",
        "filingDate_1":"2022-09-28",
        "acceptedDate_1":"2022-09-28 16:03:14",
        "fiscalYear_1":"2022",
        "period_1":"Q3",
        "netIncome_1":1136000000,
        "depreciationAndAmortization_1":216000000,
        "deferredIncomeTax":85000000,
        "stockBasedCompensation":378000000,
        "changeInWorkingCapital":-144000000,
        "accountsReceivables":-141000000,
        "inventory":0,
        "accountsPayables":-49000000,
        "otherWorkingCapital":46000000,
        "otherNonCashItems":33000000,
        "netCashProvidedByOperatingActivities":1704000000,
        "investmentsInPropertyPlantAndEquipment":-125000000,
        "acquisitionsNet":-22000000,
        "purchasesOfInvestments":-188000000,
        "salesMaturitiesOfInvestments":210000000,
        "otherInvestingActivities":22000000,
        "netCashProvidedByInvestingActivities":-103000000,
        "netDebtIssuance":0,
        "longTermNetDebtIssuance":0,
        "shortTermNetDebtIssuance":0,
        "netStockIssuance":-1013000000,
        "netCommonStockIssuance":-1013000000,
        "commonStockIssuance":187000000,
        "commonStockRepurchased":-1200000000,
        "netPreferredStockIssuance":0,
        "netDividendsPaid":0,
        "commonDividendsPaid":0,
        "preferredDividendsPaid":0,
        "otherFinancingActivities":-47000000,
        "netCashProvidedByFinancingActivities":-1060000000,
        "effectOfForexChangesOnCash":-36000000,
        "netChangeInCash":505000000,
        "cashAtEndOfPeriod":3870000000,
        "cashAtBeginningOfPeriod":3365000000,
        "operatingCashFlow":1704000000,
        "capitalExpenditure":-125000000,
        "freeCashFlow":1579000000,
        "incomeTaxesPaid":226000000,
        "interestPaid":51000000,
        "symbol_2":"ADBE",
        "stockPrice":368.14,
        "numberOfShares":469000000,
        "marketCapitalization":172657660000,
        "minusCashAndCashEquivalents":3870000000,
        "addTotalDebt":4641000000,
        "enterpriseValue":173428660000,
        "revenue_qoq":1.0715914273,
        "revenue_yoy":12.6556543837,
        "netIncome_qoq":-3.5653650255,
        "netIncome_yoy":-6.2706270627,
        "operatingCashFlow_qoq":-16.4705882353,
        "operatingCashFlow_yoy":20.4240282686,
        "eps_qoq":-3.2,
        "eps_yoy":-4.7244094488
    },
    {
        "date":"2022-06-03",
        "symbol":"ADBE",
        "reportedCurrency":"USD",
        "cik":"0000796343",
        "filingDate":"2022-06-29",
        "acceptedDate":"2022-06-29 16:12:27",
        "fiscalYear":"2022",
        "period":"Q2",
        "revenue":4386000000,
        "costOfRevenue":539000000,
        "grossProfit":3847000000,
        "researchAndDevelopmentExpenses":738000000,
        "generalAndAdministrativeExpenses":291000000,
        "sellingAndMarketingExpenses":1247000000,
        "sellingGeneralAndAdministrativeExpenses":1538000000,
        "otherExpenses":42000000,
        "operatingExpenses":2318000000,
        "costAndExpenses":2857000000,
        "netInterestIncome":-28000000,
        "interestIncome":0,
        "interestExpense":28000000,
        "depreciationAndAmortization":232000000,
        "ebitda":1752000000,
        "ebit":1520000000,
        "nonOperatingIncomeExcludingInterest":9000000,
        "operatingIncome":1529000000,
        "totalOtherIncomeExpensesNet":-37000000,
        "incomeBeforeTax":1492000000,
        "incomeTaxExpense":314000000,
        "netIncomeFromContinuingOperations":1178000000,
        "netIncomeFromDiscontinuedOperations":0,
        "otherAdjustmentsToNetIncome":0,
        "netIncome":1178000000,
        "netIncomeDeductions":0,
        "bottomLineNetIncome":1178000000,
        "eps":2.5,
        "epsDiluted":2.49,
        "weightedAverageShsOut":472000000,
        "weightedAverageShsOutDil":473000000,
        "symbol_1":"ADBE",
        "reportedCurrency_1":"USD",
        "cik_1":"0000796343",
        "filingDate_1":"2022-06-29",
        "acceptedDate_1":"2022-06-29 16:12:27",
        "fiscalYear_1":"2022",
        "period_1":"Q2",
        "netIncome_1":1178000000,
        "depreciationAndAmortization_1":212000000,
        "deferredIncomeTax":68000000,
        "stockBasedCompensation":352000000,
        "changeInWorkingCapital":200000000,
        "accountsReceivables":96000000,
        "inventory":0,
        "accountsPayables":54000000,
        "otherWorkingCapital":50000000,
        "otherNonCashItems":30000000,
        "netCashProvidedByOperatingActivities":2040000000,
        "investmentsInPropertyPlantAndEquipment":-126000000,
        "acquisitionsNet":-20000000,
        "purchasesOfInvestments":-238000000,
        "salesMaturitiesOfInvestments":246000000,
        "otherInvestingActivities":0,
        "netCashProvidedByInvestingActivities":-138000000,
        "netDebtIssuance":0,
        "longTermNetDebtIssuance":0,
        "shortTermNetDebtIssuance":0,
        "netStockIssuance":-1301000000,
        "netCommonStockIssuance":-1200000000,
        "commonStockIssuance":0,
        "commonStockRepurchased":-1200000000,
        "netPreferredStockIssuance":-101000000,
        "netDividendsPaid":0,
        "commonDividendsPaid":0,
        "preferredDividendsPaid":0,
        "otherFinancingActivities":51000000,
        "netCashProvidedByFinancingActivities":-1250000000,
        "effectOfForexChangesOnCash":-26000000,
        "netChangeInCash":626000000,
        "cashAtEndOfPeriod":3365000000,
        "cashAtBeginningOfPeriod":2739000000,
        "operatingCashFlow":2040000000,
        "capitalExpenditure":-126000000,
        "freeCashFlow":1914000000,
        "incomeTaxesPaid":201000000,
        "interestPaid":0,
        "symbol_2":"ADBE",
        "stockPrice":429.76,
        "numberOfShares":472000000,
        "marketCapitalization":202846720000,
        "minusCashAndCashEquivalents":3365000000,
        "addTotalDebt":4658000000,
        "enterpriseValue":204139720000,
        "revenue_qoq":2.9094321915,
        "revenue_yoy":14.3676662321,
        "netIncome_qoq":-6.9510268562,
        "netIncome_yoy":5.5555555556,
        "operatingCashFlow_qoq":15.3193894856,
        "operatingCashFlow_yoy":2.615694165,
        "eps_qoq":-6.3670411985,
        "eps_yoy":6.8376068376
    },
    {
        "date":"2022-03-04",
        "symbol":"ADBE",
        "reportedCurrency":"USD",
        "cik":"0000796343",
        "filingDate":"2022-03-30",
        "acceptedDate":"2022-03-30 16:22:21",
        "fiscalYear":"2022",
        "period":"Q1",
        "revenue":4262000000,
        "costOfRevenue":512000000,
        "grossProfit":3750000000,
        "researchAndDevelopmentExpenses":701000000,
        "generalAndAdministrativeExpenses":269000000,
        "sellingAndMarketingExpenses":1158000000,
        "sellingGeneralAndAdministrativeExpenses":1427000000,
        "otherExpenses":42000000,
        "operatingExpenses":2170000000,
        "costAndExpenses":2682000000,
        "netInterestIncome":-28000000,
        "interestIncome":0,
        "interestExpense":28000000,
        "depreciationAndAmortization":235000000,
        "ebitda":1806000000,
        "ebit":1571000000,
        "nonOperatingIncomeExcludingInterest":9000000,
        "operatingIncome":1580000000,
        "totalOtherIncomeExpensesNet":-37000000,
        "incomeBeforeTax":1543000000,
        "incomeTaxExpense":277000000,
        "netIncomeFromContinuingOperations":1266000000,
        "netIncomeFromDiscontinuedOperations":0,
        "otherAdjustmentsToNetIncome":0,
        "netIncome":1266000000,
        "netIncomeDeductions":0,
        "bottomLineNetIncome":1266000000,
        "eps":2.67,
        "epsDiluted":2.67,
        "weightedAverageShsOut":473000000,
        "weightedAverageShsOutDil":475000000,
        "symbol_1":"ADBE",
        "reportedCurrency_1":"USD",
        "cik_1":"0000796343",
        "filingDate_1":"2022-03-30",
        "acceptedDate_1":"2022-03-30 16:22:21",
        "fiscalYear_1":"2022",
        "period_1":"Q1",
        "netIncome_1":1266000000,
        "depreciationAndAmortization_1":213000000,
        "deferredIncomeTax":129000000,
        "stockBasedCompensation":322000000,
        "changeInWorkingCapital":-202000000,
        "accountsReceivables":191000000,
        "inventory":0,
        "accountsPayables":6000000,
        "otherWorkingCapital":-399000000,
        "otherNonCashItems":41000000,
        "netCashProvidedByOperatingActivities":1769000000,
        "investmentsInPropertyPlantAndEquipment":-100000000,
        "acquisitionsNet":-106000000,
        "purchasesOfInvestments":-316000000,
        "salesMaturitiesOfInvestments":262000000,
        "otherInvestingActivities":0,
        "netCashProvidedByInvestingActivities":-260000000,
        "netDebtIssuance":0,
        "longTermNetDebtIssuance":0,
        "shortTermNetDebtIssuance":0,
        "netStockIssuance":-2309000000,
        "netCommonStockIssuance":-2309000000,
        "commonStockIssuance":91000000,
        "commonStockRepurchased":-2400000000,
        "netPreferredStockIssuance":0,
        "netDividendsPaid":0,
        "commonDividendsPaid":0,
        "preferredDividendsPaid":0,
        "otherFinancingActivities":-295000000,
        "netCashProvidedByFinancingActivities":-2604000000,
        "effectOfForexChangesOnCash":-10000000,
        "netChangeInCash":-1105000000,
        "cashAtEndOfPeriod":2739000000,
        "cashAtBeginningOfPeriod":3844000000,
        "operatingCashFlow":1769000000,
        "capitalExpenditure":-100000000,
        "freeCashFlow":1669000000,
        "incomeTaxesPaid":59000000,
        "interestPaid":50000000,
        "symbol_2":"ADBE",
        "stockPrice":452.13,
        "numberOfShares":473000000,
        "marketCapitalization":213857490000,
        "minusCashAndCashEquivalents":2739000000,
        "addTotalDebt":4665000000,
        "enterpriseValue":215783490000,
        "revenue_qoq":3.698296837,
        "revenue_yoy":9.1421254802,
        "netIncome_qoq":2.6763990268,
        "netIncome_yoy":0.3965107058,
        "operatingCashFlow_qoq":-14.3756050339,
        "operatingCashFlow_yoy":-0.1693002257,
        "eps_qoq":3.0888030888,
        "eps_yoy":1.5209125475
    },
    {
        "date":"2021-12-03",
        "symbol":"ADBE",
        "reportedCurrency":"USD",
        "cik":"0000796343",
        "filingDate":"2022-01-21",
        "acceptedDate":"2022-01-21 16:03:34",
        "fiscalYear":"2021",
        "period":"Q4",
        "revenue":4110000000,
        "costOfRevenue":507000000,
        "grossProfit":3603000000,
        "researchAndDevelopmentExpenses":657000000,
        "generalAndAdministrativeExpenses":274000000,
        "sellingAndMarketingExpenses":1131000000,
        "sellingGeneralAndAdministrativeExpenses":1405000000,
        "otherExpenses":40000000,
        "operatingExpenses":2102000000,
        "costAndExpenses":2609000000,
        "netInterestIncome":-11000000,
        "interestIncome":17000000,
        "interestExpense":28000000,
        "depreciationAndAmortization":225000000,
        "ebitda":1721000000,
        "ebit":1496000000,
        "nonOperatingIncomeExcludingInterest":5000000,
        "operatingIncome":1501000000,
        "totalOtherIncomeExpensesNet":-33000000,
        "incomeBeforeTax":1468000000,
        "incomeTaxExpense":235000000,
        "netIncomeFromContinuingOperations":1233000000,
        "netIncomeFromDiscontinuedOperations":0,
        "otherAdjustmentsToNetIncome":0,
        "netIncome":1233000000,
        "netIncomeDeductions":0,
        "bottomLineNetIncome":1233000000,
        "eps":2.59,
        "epsDiluted":2.57,
        "weightedAverageShsOut":476000000,
        "weightedAverageShsOutDil":480000000,
        "symbol_1":"ADBE",
        "reportedCurrency_1":"USD",
        "cik_1":"0000796343",
        "filingDate_1":"2022-01-21",
        "acceptedDate_1":"2022-01-21 16:03:34",
        "fiscalYear_1":"2021",
        "period_1":"Q4",
        "netIncome_1":1233000000,
        "depreciationAndAmortization_1":205000000,
        "deferredIncomeTax":63000000,
        "stockBasedCompensation":269000000,
        "changeInWorkingCapital":265000000,
        "accountsReceivables":-325000000,
        "inventory":0,
        "accountsPayables":-38000000,
        "otherWorkingCapital":628000000,
        "otherNonCashItems":31000000,
        "netCashProvidedByOperatingActivities":2066000000,
        "investmentsInPropertyPlantAndEquipment":-99000000,
        "acquisitionsNet":-1212000000,
        "purchasesOfInvestments":-657000000,
        "salesMaturitiesOfInvestments":229000000,
        "otherInvestingActivities":0,
        "netCashProvidedByInvestingActivities":-1739000000,
        "netDebtIssuance":0,
        "longTermNetDebtIssuance":0,
        "shortTermNetDebtIssuance":0,
        "netStockIssuance":-999000000,
        "netCommonStockIssuance":-999000000,
        "commonStockIssuance":1000000,
        "commonStockRepurchased":-1000000000,
        "netPreferredStockIssuance":0,
        "netDividendsPaid":0,
        "commonDividendsPaid":0,
        "preferredDividendsPaid":0,
        "otherFinancingActivities":-79000000,
        "netCashProvidedByFinancingActivities":-1078000000,
        "effectOfForexChangesOnCash":-28000000,
        "netChangeInCash":-779000000,
        "cashAtEndOfPeriod":3844000000,
        "cashAtBeginningOfPeriod":4623000000,
        "operatingCashFlow":2066000000,
        "capitalExpenditure":-99000000,
        "freeCashFlow":1967000000,
        "incomeTaxesPaid":254000000,
        "interestPaid":0,
        "symbol_2":"ADBE",
        "stockPrice":616.53,
        "numberOfShares":476000000,
        "marketCapitalization":293468280000,
        "minusCashAndCashEquivalents":3844000000,
        "addTotalDebt":4673000000,
        "enterpriseValue":294297280000,
        "revenue_qoq":4.4472681067,
        "revenue_yoy":null,
        "netIncome_qoq":1.7326732673,
        "netIncome_yoy":null,
        "operatingCashFlow_qoq":46.0070671378,
        "operatingCashFlow_yoy":null,
        "eps_qoq":1.968503937,
        "eps_yoy":null
    },
    {
        "date":"2021-09-03",
        "symbol":"ADBE",
        "reportedCurrency":"USD",
        "cik":"0000796343",
        "filingDate":"2021-09-29",
        "acceptedDate":"2021-09-29 16:02:05",
        "fiscalYear":"2021",
        "period":"Q3",
        "revenue":3935000000,
        "costOfRevenue":467000000,
        "grossProfit":3468000000,
        "researchAndDevelopmentExpenses":651000000,
        "generalAndAdministrativeExpenses":265000000,
        "sellingAndMarketingExpenses":1068000000,
        "sellingGeneralAndAdministrativeExpenses":1333000000,
        "otherExpenses":43000000,
        "operatingExpenses":2027000000,
        "costAndExpenses":2494000000,
        "netInterestIncome":-27000000,
        "interestIncome":0,
        "interestExpense":27000000,
        "depreciationAndAmortization":213000000,
        "ebitda":1658000000,
        "ebit":1445000000,
        "nonOperatingIncomeExcludingInterest":-4000000,
        "operatingIncome":1441000000,
        "totalOtherIncomeExpensesNet":-23000000,
        "incomeBeforeTax":1418000000,
        "incomeTaxExpense":206000000,
        "netIncomeFromContinuingOperations":1212000000,
        "netIncomeFromDiscontinuedOperations":0,
        "otherAdjustmentsToNetIncome":0,
        "netIncome":1212000000,
        "netIncomeDeductions":0,
        "bottomLineNetIncome":1212000000,
        "eps":2.54,
        "epsDiluted":2.52,
        "weightedAverageShsOut":477000000,
        "weightedAverageShsOutDil":481000000,
        "symbol_1":"ADBE",
        "reportedCurrency_1":"USD",
        "cik_1":"0000796343",
        "filingDate_1":"2021-09-29",
        "acceptedDate_1":"2021-09-29 16:02:05",
        "fiscalYear_1":"2021",
        "period_1":"Q3",
        "netIncome_1":1212000000,
        "depreciationAndAmortization_1":193000000,
        "deferredIncomeTax":-90000000,
        "stockBasedCompensation":280000000,
        "changeInWorkingCapital":-194000000,
        "accountsReceivables":-66000000,
        "inventory":47000000,
        "accountsPayables":19000000,
        "otherWorkingCapital":-194000000,
        "otherNonCashItems":14000000,
        "netCashProvidedByOperatingActivities":1415000000,
        "investmentsInPropertyPlantAndEquipment":-95000000,
        "acquisitionsNet":0,
        "purchasesOfInvestments":-38000000,
        "salesMaturitiesOfInvestments":214000000,
        "otherInvestingActivities":-214000000,
        "netCashProvidedByInvestingActivities":-133000000,
        "netDebtIssuance":0,
        "longTermNetDebtIssuance":0,
        "shortTermNetDebtIssuance":0,
        "netStockIssuance":-797000000,
        "netCommonStockIssuance":-797000000,
        "commonStockIssuance":203000000,
        "commonStockRepurchased":-1000000000,
        "netPreferredStockIssuance":0,
        "netDividendsPaid":0,
        "commonDividendsPaid":0,
        "preferredDividendsPaid":0,
        "otherFinancingActivities":-102000000,
        "netCashProvidedByFinancingActivities":-899000000,
        "effectOfForexChangesOnCash":-10000000,
        "netChangeInCash":373000000,
        "cashAtEndOfPeriod":4623000000,
        "cashAtBeginningOfPeriod":4250000000,
        "operatingCashFlow":1415000000,
        "capitalExpenditure":-95000000,
        "freeCashFlow":1320000000,
        "incomeTaxesPaid":312000000,
        "interestPaid":50000000,
        "symbol_2":"ADBE",
        "stockPrice":666.59,
        "numberOfShares":477000000,
        "marketCapitalization":317963430000,
        "minusCashAndCashEquivalents":4623000000,
        "addTotalDebt":4685000000,
        "enterpriseValue":318025430000,
        "revenue_qoq":2.6075619296,
        "revenue_yoy":null,
        "netIncome_qoq":8.6021505376,
        "netIncome_yoy":null,
        "operatingCashFlow_qoq":-28.8229376258,
        "operatingCashFlow_yoy":null,
        "eps_qoq":8.547008547,
        "eps_yoy":null
    },
    {
        "date":"2021-06-04",
        "symbol":"ADBE",
        "reportedCurrency":"USD",
        "cik":"0000796343",
        "filingDate":"2021-06-30",
        "acceptedDate":"2021-06-30 16:02:16",
        "fiscalYear":"2021",
        "period":"Q2",
        "revenue":3835000000,
        "costOfRevenue":444000000,
        "grossProfit":3391000000,
        "researchAndDevelopmentExpenses":620000000,
        "generalAndAdministrativeExpenses":256000000,
        "sellingAndMarketingExpenses":1073000000,
        "sellingGeneralAndAdministrativeExpenses":1329000000,
        "otherExpenses":36000000,
        "operatingExpenses":1985000000,
        "costAndExpenses":2429000000,
        "netInterestIncome":-28000000,
        "interestIncome":0,
        "interestExpense":28000000,
        "depreciationAndAmortization":208000000,
        "ebitda":1622000000,
        "ebit":1414000000,
        "nonOperatingIncomeExcludingInterest":-8000000,
        "operatingIncome":1406000000,
        "totalOtherIncomeExpensesNet":-20000000,
        "incomeBeforeTax":1386000000,
        "incomeTaxExpense":270000000,
        "netIncomeFromContinuingOperations":1116000000,
        "netIncomeFromDiscontinuedOperations":0,
        "otherAdjustmentsToNetIncome":0,
        "netIncome":1116000000,
        "netIncomeDeductions":0,
        "bottomLineNetIncome":1116000000,
        "eps":2.34,
        "epsDiluted":2.32,
        "weightedAverageShsOut":478000000,
        "weightedAverageShsOutDil":481000000,
        "symbol_1":"ADBE",
        "reportedCurrency_1":"USD",
        "cik_1":"0000796343",
        "filingDate_1":"2021-06-30",
        "acceptedDate_1":"2021-06-30 16:02:16",
        "fiscalYear_1":"2021",
        "period_1":"Q2",
        "netIncome_1":1116000000,
        "depreciationAndAmortization_1":194000000,
        "deferredIncomeTax":93000000,
        "stockBasedCompensation":260000000,
        "changeInWorkingCapital":315000000,
        "accountsReceivables":43000000,
        "inventory":-101000000,
        "accountsPayables":58000000,
        "otherWorkingCapital":315000000,
        "otherNonCashItems":10000000,
        "netCashProvidedByOperatingActivities":1988000000,
        "investmentsInPropertyPlantAndEquipment":-95000000,
        "acquisitionsNet":0,
        "purchasesOfInvestments":-12000000,
        "salesMaturitiesOfInvestments":340000000,
        "otherInvestingActivities":-340000000,
        "netCashProvidedByInvestingActivities":-107000000,
        "netDebtIssuance":0,
        "longTermNetDebtIssuance":0,
        "shortTermNetDebtIssuance":0,
        "netStockIssuance":-1000000000,
        "netCommonStockIssuance":-1000000000,
        "commonStockIssuance":0,
        "commonStockRepurchased":-1000000000,
        "netPreferredStockIssuance":0,
        "netDividendsPaid":0,
        "commonDividendsPaid":0,
        "preferredDividendsPaid":0,
        "otherFinancingActivities":-80000000,
        "netCashProvidedByFinancingActivities":-1080000000,
        "effectOfForexChangesOnCash":-3000000,
        "netChangeInCash":798000000,
        "cashAtEndOfPeriod":4250000000,
        "cashAtBeginningOfPeriod":3452000000,
        "operatingCashFlow":1988000000,
        "capitalExpenditure":-95000000,
        "freeCashFlow":1893000000,
        "incomeTaxesPaid":186000000,
        "interestPaid":0,
        "symbol_2":"ADBE",
        "stockPrice":504.5,
        "numberOfShares":478000000,
        "marketCapitalization":241151000000,
        "minusCashAndCashEquivalents":4250000000,
        "addTotalDebt":4693000000,
        "enterpriseValue":241594000000,
        "revenue_qoq":-1.7925736236,
        "revenue_yoy":null,
        "netIncome_qoq":-11.4988104679,
        "netIncome_yoy":null,
        "operatingCashFlow_qoq":12.1896162528,
        "operatingCashFlow_yoy":null,
        "eps_qoq":-11.0266159696,
        "eps_yoy":null
    },
    {
        "date":"2021-03-05",
        "symbol":"ADBE",
        "reportedCurrency":"USD",
        "cik":"0000796343",
        "filingDate":"2021-03-31",
        "acceptedDate":"2021-03-31 16:02:34",
        "fiscalYear":"2021",
        "period":"Q1",
        "revenue":3905000000,
        "costOfRevenue":447000000,
        "grossProfit":3458000000,
        "researchAndDevelopmentExpenses":620000000,
        "generalAndAdministrativeExpenses":290000000,
        "sellingAndMarketingExpenses":1049000000,
        "sellingGeneralAndAdministrativeExpenses":1339000000,
        "otherExpenses":45000000,
        "operatingExpenses":2004000000,
        "costAndExpenses":2451000000,
        "netInterestIncome":-30000000,
        "interestIncome":0,
        "interestExpense":30000000,
        "depreciationAndAmortization":196000000,
        "ebitda":1659000000,
        "ebit":1463000000,
        "nonOperatingIncomeExcludingInterest":-9000000,
        "operatingIncome":1454000000,
        "totalOtherIncomeExpensesNet":-21000000,
        "incomeBeforeTax":1433000000,
        "incomeTaxExpense":172000000,
        "netIncomeFromContinuingOperations":1261000000,
        "netIncomeFromDiscontinuedOperations":0,
        "otherAdjustmentsToNetIncome":0,
        "netIncome":1261000000,
        "netIncomeDeductions":0,
        "bottomLineNetIncome":1261000000,
        "eps":2.63,
        "epsDiluted":2.61,
        "weightedAverageShsOut":479000000,
        "weightedAverageShsOutDil":483000000,
        "symbol_1":"ADBE",
        "reportedCurrency_1":"USD",
        "cik_1":"0000796343",
        "filingDate_1":"2021-03-31",
        "acceptedDate_1":"2021-03-31 16:02:34",
        "fiscalYear_1":"2021",
        "period_1":"Q1",
        "netIncome_1":1261000000,
        "depreciationAndAmortization_1":196000000,
        "deferredIncomeTax":117000000,
        "stockBasedCompensation":260000000,
        "changeInWorkingCapital":-83000000,
        "accountsReceivables":-82000000,
        "inventory":141000000,
        "accountsPayables":-59000000,
        "otherWorkingCapital":-83000000,
        "otherNonCashItems":21000000,
        "netCashProvidedByOperatingActivities":1772000000,
        "investmentsInPropertyPlantAndEquipment":-59000000,
        "acquisitionsNet":-1470000000,
        "purchasesOfInvestments":-29000000,
        "salesMaturitiesOfInvestments":285000000,
        "otherInvestingActivities":-285000000,
        "netCashProvidedByInvestingActivities":-1558000000,
        "netDebtIssuance":0,
        "longTermNetDebtIssuance":0,
        "shortTermNetDebtIssuance":0,
        "netStockIssuance":-863000000,
        "netCommonStockIssuance":-863000000,
        "commonStockIssuance":87000000,
        "commonStockRepurchased":-950000000,
        "netPreferredStockIssuance":0,
        "netDividendsPaid":0,
        "commonDividendsPaid":0,
        "preferredDividendsPaid":0,
        "otherFinancingActivities":-381000000,
        "netCashProvidedByFinancingActivities":-1244000000,
        "effectOfForexChangesOnCash":4000000,
        "netChangeInCash":-1026000000,
        "cashAtEndOfPeriod":3452000000,
        "cashAtBeginningOfPeriod":4478000000,
        "operatingCashFlow":1772000000,
        "capitalExpenditure":-59000000,
        "freeCashFlow":1713000000,
        "incomeTaxesPaid":91000000,
        "interestPaid":50000000,
        "symbol_2":"ADBE",
        "stockPrice":440.83,
        "numberOfShares":479000000,
        "marketCapitalization":211157570000,
        "minusCashAndCashEquivalents":3452000000,
        "addTotalDebt":4707000000,
        "enterpriseValue":212412570000,
        "revenue_qoq":null,
        "revenue_yoy":null,
        "netIncome_qoq":null,
        "netIncome_yoy":null,
        "operatingCashFlow_qoq":null,
        "operatingCashFlow_yoy":null,
        "eps_qoq":null,
        "eps_yoy":null
    }
]