[
    {
        "date":"2025-09-30",
        "symbol":"BA",
        "reportedCurrency":"USD",
        "cik":"0000012927",
        "filingDate":"2025-10-29",
        "acceptedDate":"2025-10-29 12:56:33",
        "fiscalYear":"2025",
        "period":"Q3",
        "revenue":23270000000,
        "costOfRevenue":25645000000,
        "grossProfit":-2375000000,
        "researchAndDevelopmentExpenses":897000000,
        "generalAndAdministrativeExpenses":1522000000,
        "sellingAndMarketingExpenses":0,
        "sellingGeneralAndAdministrativeExpenses":1522000000,
        "otherExpenses":-12000000,
        "operatingExpenses":2407000000,
        "costAndExpenses":28064000000,
        "netInterestIncome":-694000000,
        "interestIncome":0,
        "interestExpense":694000000,
        "depreciationAndAmortization":491000000,
        "ebitda":-4014000000,
        "ebit":-4505000000,
        "nonOperatingIncomeExcludingInterest":-276000000,
        "operatingIncome":-4781000000,
        "totalOtherIncomeExpensesNet":-418000000,
        "incomeBeforeTax":-5199000000,
        "incomeTaxExpense":140000000,
        "netIncomeFromContinuingOperations":-5339000000,
        "netIncomeFromDiscontinuedOperations":0,
        "otherAdjustmentsToNetIncome":0,
        "netIncome":-5337000000,
        "netIncomeDeductions":0,
        "bottomLineNetIncome":-5424000000,
        "eps":-7.14,
        "epsDiluted":-7.14,
        "weightedAverageShsOut":756700000,
        "weightedAverageShsOutDil":756700000,
        "symbol_1":"BA",
        "reportedCurrency_1":"USD",
        "cik_1":"0000012927",
        "filingDate_1":"2025-10-29",
        "acceptedDate_1":"2025-10-29 12:56:33",
        "fiscalYear_1":"2025",
        "period_1":"Q3",
        "netIncome_1":-5339000000,
        "depreciationAndAmortization_1":491000000,
        "deferredIncomeTax":0,
        "stockBasedCompensation":89000000,
        "changeInWorkingCapital":304000000,
        "accountsReceivables":165000000,
        "inventory":-1191000000,
        "accountsPayables":585000000,
        "otherWorkingCapital":745000000,
        "otherNonCashItems":5578000000,
        "netCashProvidedByOperatingActivities":1123000000,
        "investmentsInPropertyPlantAndEquipment":1101000000,
        "acquisitionsNet":0,
        "purchasesOfInvestments":-14756000000,
        "salesMaturitiesOfInvestments":-18847000000,
        "otherInvestingActivities":30547000000,
        "netCashProvidedByInvestingActivities":-1955000000,
        "netDebtIssuance":-4000000,
        "longTermNetDebtIssuance":-4000000,
        "shortTermNetDebtIssuance":0,
        "netStockIssuance":14000000,
        "netCommonStockIssuance":14000000,
        "commonStockIssuance":0,
        "commonStockRepurchased":14000000,
        "netPreferredStockIssuance":0,
        "netDividendsPaid":-86000000,
        "commonDividendsPaid":0,
        "preferredDividendsPaid":-86000000,
        "otherFinancingActivities":-11000000,
        "netCashProvidedByFinancingActivities":-87000000,
        "effectOfForexChangesOnCash":5000000,
        "netChangeInCash":-914000000,
        "cashAtEndOfPeriod":6882000000,
        "cashAtBeginningOfPeriod":7796000000,
        "operatingCashFlow":1123000000,
        "capitalExpenditure":674000000,
        "freeCashFlow":1797000000,
        "incomeTaxesPaid":0,
        "interestPaid":0,
        "symbol_2":"BA",
        "stockPrice":215.83,
        "numberOfShares":756700000,
        "marketCapitalization":163318561000,
        "minusCashAndCashEquivalents":6173000000,
        "addTotalDebt":53353000000,
        "enterpriseValue":210498561000,
        "revenue_qoq":2.2902105587,
        "revenue_yoy":30.4372197309,
        "netIncome_qoq":773.4860883797,
        "netIncome_yoy":-13.5008103728,
        "operatingCashFlow_qoq":394.7136563877,
        "operatingCashFlow_yoy":-183.4944237918,
        "eps_qoq":676.0869565217,
        "eps_yoy":-28.3851554664
    },
    {
        "date":"2025-06-30",
        "symbol":"BA",
        "reportedCurrency":"USD",
        "cik":"0000012927",
        "filingDate":"2025-07-29",
        "acceptedDate":"2025-07-29 12:20:07",
        "fiscalYear":"2025",
        "period":"Q2",
        "revenue":22749000000,
        "costOfRevenue":20299000000,
        "grossProfit":2450000000,
        "researchAndDevelopmentExpenses":910000000,
        "generalAndAdministrativeExpenses":1793000000,
        "sellingAndMarketingExpenses":0,
        "sellingGeneralAndAdministrativeExpenses":1795000000,
        "otherExpenses":0,
        "operatingExpenses":2705000000,
        "costAndExpenses":23004000000,
        "netInterestIncome":-710000000,
        "interestIncome":0,
        "interestExpense":710000000,
        "depreciationAndAmortization":460000000,
        "ebitda":609000000,
        "ebit":149000000,
        "nonOperatingIncomeExcludingInterest":-404000000,
        "operatingIncome":-255000000,
        "totalOtherIncomeExpensesNet":-306000000,
        "incomeBeforeTax":-561000000,
        "incomeTaxExpense":51000000,
        "netIncomeFromContinuingOperations":-612000000,
        "netIncomeFromDiscontinuedOperations":0,
        "otherAdjustmentsToNetIncome":0,
        "netIncome":-611000000,
        "netIncomeDeductions":0,
        "bottomLineNetIncome":-697000000,
        "eps":-0.92,
        "epsDiluted":-0.92,
        "weightedAverageShsOut":756600000,
        "weightedAverageShsOutDil":756600000,
        "symbol_1":"BA",
        "reportedCurrency_1":"USD",
        "cik_1":"0000012927",
        "filingDate_1":"2025-07-29",
        "acceptedDate_1":"2025-07-29 12:20:07",
        "fiscalYear_1":"2025",
        "period_1":"Q2",
        "netIncome_1":-612000000,
        "depreciationAndAmortization_1":460000000,
        "deferredIncomeTax":0,
        "stockBasedCompensation":119000000,
        "changeInWorkingCapital":-134000000,
        "accountsReceivables":-177000000,
        "inventory":1147000000,
        "accountsPayables":49000000,
        "otherWorkingCapital":-1153000000,
        "otherNonCashItems":394000000,
        "netCashProvidedByOperatingActivities":227000000,
        "investmentsInPropertyPlantAndEquipment":-427000000,
        "acquisitionsNet":0,
        "purchasesOfInvestments":-12784000000,
        "salesMaturitiesOfInvestments":11097000000,
        "otherInvestingActivities":-115000000,
        "netCashProvidedByInvestingActivities":-2229000000,
        "netDebtIssuance":-313000000,
        "longTermNetDebtIssuance":-313000000,
        "shortTermNetDebtIssuance":0,
        "netStockIssuance":-4000000,
        "netCommonStockIssuance":-4000000,
        "commonStockIssuance":0,
        "commonStockRepurchased":-4000000,
        "netPreferredStockIssuance":0,
        "netDividendsPaid":-86000000,
        "commonDividendsPaid":0,
        "preferredDividendsPaid":-86000000,
        "otherFinancingActivities":16000000,
        "netCashProvidedByFinancingActivities":-387000000,
        "effectOfForexChangesOnCash":22000000,
        "netChangeInCash":-2367000000,
        "cashAtEndOfPeriod":7796000000,
        "cashAtBeginningOfPeriod":10163000000,
        "operatingCashFlow":227000000,
        "capitalExpenditure":-427000000,
        "freeCashFlow":-200000000,
        "incomeTaxesPaid":0,
        "interestPaid":0,
        "symbol_2":"BA",
        "stockPrice":209.53,
        "numberOfShares":756600000,
        "marketCapitalization":158530398000,
        "minusCashAndCashEquivalents":7087000000,
        "addTotalDebt":53323000000,
        "enterpriseValue":204766398000,
        "revenue_qoq":16.6854739434,
        "revenue_yoy":34.8808253291,
        "netIncome_qoq":1551.3513513514,
        "netIncome_yoy":-57.5399583044,
        "operatingCashFlow_qoq":-114.047029703,
        "operatingCashFlow_yoy":-105.7863879684,
        "eps_qoq":475.0,
        "eps_yoy":-60.5150214592
    },
    {
        "date":"2025-03-31",
        "symbol":"BA",
        "reportedCurrency":"USD",
        "cik":"0000012927",
        "filingDate":"2025-04-23",
        "acceptedDate":"2025-04-23 12:21:50",
        "fiscalYear":"2025",
        "period":"Q1",
        "revenue":19496000000,
        "costOfRevenue":17064000000,
        "grossProfit":2432000000,
        "researchAndDevelopmentExpenses":844000000,
        "generalAndAdministrativeExpenses":0,
        "sellingAndMarketingExpenses":0,
        "sellingGeneralAndAdministrativeExpenses":1104000000,
        "otherExpenses":0,
        "operatingExpenses":1948000000,
        "costAndExpenses":19012000000,
        "netInterestIncome":-708000000,
        "interestIncome":0,
        "interestExpense":708000000,
        "depreciationAndAmortization":466000000,
        "ebitda":1250000000,
        "ebit":784000000,
        "nonOperatingIncomeExcludingInterest":-300000000,
        "operatingIncome":484000000,
        "totalOtherIncomeExpensesNet":-408000000,
        "incomeBeforeTax":76000000,
        "incomeTaxExpense":107000000,
        "netIncomeFromContinuingOperations":-31000000,
        "netIncomeFromDiscontinuedOperations":0,
        "otherAdjustmentsToNetIncome":0,
        "netIncome":-37000000,
        "netIncomeDeductions":86000000,
        "bottomLineNetIncome":-123000000,
        "eps":-0.16,
        "epsDiluted":-0.16,
        "weightedAverageShsOut":753400000,
        "weightedAverageShsOutDil":753400000,
        "symbol_1":"BA",
        "reportedCurrency_1":"USD",
        "cik_1":"0000012927",
        "filingDate_1":"2025-04-23",
        "acceptedDate_1":"2025-04-23 12:21:50",
        "fiscalYear_1":"2025",
        "period_1":"Q1",
        "netIncome_1":-31000000,
        "depreciationAndAmortization_1":466000000,
        "deferredIncomeTax":0,
        "stockBasedCompensation":135000000,
        "changeInWorkingCapital":-2713000000,
        "accountsReceivables":-570000000,
        "inventory":-1521000000,
        "accountsPayables":-95000000,
        "otherWorkingCapital":-527000000,
        "otherNonCashItems":527000000,
        "netCashProvidedByOperatingActivities":-1616000000,
        "investmentsInPropertyPlantAndEquipment":-674000000,
        "acquisitionsNet":0,
        "purchasesOfInvestments":-8797000000,
        "salesMaturitiesOfInvestments":7750000000,
        "otherInvestingActivities":4000000,
        "netCashProvidedByInvestingActivities":-1717000000,
        "netDebtIssuance":-266000000,
        "longTermNetDebtIssuance":-266000000,
        "shortTermNetDebtIssuance":0,
        "netStockIssuance":-14000000,
        "netCommonStockIssuance":-14000000,
        "commonStockIssuance":0,
        "commonStockRepurchased":-14000000,
        "netPreferredStockIssuance":0,
        "netDividendsPaid":-72000000,
        "commonDividendsPaid":-72000000,
        "preferredDividendsPaid":0,
        "otherFinancingActivities":14000000,
        "netCashProvidedByFinancingActivities":-338000000,
        "effectOfForexChangesOnCash":12000000,
        "netChangeInCash":-3659000000,
        "cashAtEndOfPeriod":10163000000,
        "cashAtBeginningOfPeriod":13822000000,
        "operatingCashFlow":-1616000000,
        "capitalExpenditure":-674000000,
        "freeCashFlow":-2290000000,
        "incomeTaxesPaid":0,
        "interestPaid":0,
        "symbol_2":"BA",
        "stockPrice":170.55,
        "numberOfShares":753400000,
        "marketCapitalization":128492370000,
        "minusCashAndCashEquivalents":10142000000,
        "addTotalDebt":53618000000,
        "enterpriseValue":171968370000,
        "revenue_qoq":27.9013317588,
        "revenue_yoy":17.6655199469,
        "netIncome_qoq":-99.042690815,
        "netIncome_yoy":-89.2128279883,
        "operatingCashFlow_qoq":-53.1594202899,
        "operatingCashFlow_yoy":-51.9333729923,
        "eps_qoq":-97.0642201835,
        "eps_yoy":-71.4285714286
    },
    {
        "date":"2024-12-31",
        "symbol":"BA",
        "reportedCurrency":"USD",
        "cik":"0000012927",
        "filingDate":"2025-02-03",
        "acceptedDate":"2025-02-03 14:37:45",
        "fiscalYear":"2024",
        "period":"Q4",
        "revenue":15243000000,
        "costOfRevenue":16824000000,
        "grossProfit":-1581000000,
        "researchAndDevelopmentExpenses":836000000,
        "generalAndAdministrativeExpenses":0,
        "sellingAndMarketingExpenses":0,
        "sellingGeneralAndAdministrativeExpenses":1404000000,
        "otherExpenses":0,
        "operatingExpenses":2240000000,
        "costAndExpenses":19064000000,
        "netInterestIncome":-755000000,
        "interestIncome":0,
        "interestExpense":755000000,
        "depreciationAndAmortization":509000000,
        "ebitda":-2829000000,
        "ebit":-3338000000,
        "nonOperatingIncomeExcludingInterest":-483000000,
        "operatingIncome":-3821000000,
        "totalOtherIncomeExpensesNet":-272000000,
        "incomeBeforeTax":-4093000000,
        "incomeTaxExpense":-232000000,
        "netIncomeFromContinuingOperations":-3861000000,
        "netIncomeFromDiscontinuedOperations":0,
        "otherAdjustmentsToNetIncome":0,
        "netIncome":-3865000000,
        "netIncomeDeductions":58000000,
        "bottomLineNetIncome":-3923000000,
        "eps":-5.45,
        "epsDiluted":-5.45,
        "weightedAverageShsOut":718100000,
        "weightedAverageShsOutDil":718100000,
        "symbol_1":"BA",
        "reportedCurrency_1":"USD",
        "cik_1":"0000012927",
        "filingDate_1":"2025-02-03",
        "acceptedDate_1":"2025-02-03 14:37:45",
        "fiscalYear_1":"2024",
        "period_1":"Q4",
        "netIncome_1":-3877000000,
        "depreciationAndAmortization_1":509000000,
        "deferredIncomeTax":-150000,
        "stockBasedCompensation":97000000,
        "changeInWorkingCapital":-1835000000,
        "accountsReceivables":1474000000,
        "inventory":-5499000000,
        "accountsPayables":-915000000,
        "otherWorkingCapital":3105000000,
        "otherNonCashItems":1656150000,
        "netCashProvidedByOperatingActivities":-3450000000,
        "investmentsInPropertyPlantAndEquipment":-648000000,
        "acquisitionsNet":124000000,
        "purchasesOfInvestments":-12105000000,
        "salesMaturitiesOfInvestments":197000000,
        "otherInvestingActivities":-194000000,
        "netCashProvidedByInvestingActivities":-12626000000,
        "netDebtIssuance":-3808000000,
        "longTermNetDebtIssuance":-3808000000,
        "shortTermNetDebtIssuance":0,
        "netStockIssuance":23857000000,
        "netCommonStockIssuance":23857000000,
        "commonStockIssuance":23857000000,
        "commonStockRepurchased":0,
        "netPreferredStockIssuance":0,
        "netDividendsPaid":0,
        "commonDividendsPaid":0,
        "preferredDividendsPaid":0,
        "otherFinancingActivities":-78000000,
        "netCashProvidedByFinancingActivities":19971000000,
        "effectOfForexChangesOnCash":-55000000,
        "netChangeInCash":3840000000,
        "cashAtEndOfPeriod":13801000000,
        "cashAtBeginningOfPeriod":9961000000,
        "operatingCashFlow":-3450000000,
        "capitalExpenditure":-648000000,
        "freeCashFlow":-4098000000,
        "incomeTaxesPaid":0,
        "interestPaid":0,
        "symbol_2":"BA",
        "stockPrice":177.0,
        "numberOfShares":718100000,
        "marketCapitalization":127103700000,
        "minusCashAndCashEquivalents":13801000000,
        "addTotalDebt":54188000000,
        "enterpriseValue":167490700000,
        "revenue_qoq":-14.5571748879,
        "revenue_yoy":-30.7702788627,
        "netIncome_qoq":-37.358184765,
        "netIncome_yoy":16704.347826087,
        "operatingCashFlow_qoq":156.5055762082,
        "operatingCashFlow_yoy":-202.0408163265,
        "eps_qoq":-45.3360080241,
        "eps_yoy":13525.0
    },
    {
        "date":"2024-09-30",
        "symbol":"BA",
        "reportedCurrency":"USD",
        "cik":"0000012927",
        "filingDate":"2024-10-23",
        "acceptedDate":"2024-10-23 12:43:27",
        "fiscalYear":"2024",
        "period":"Q3",
        "revenue":17840000000,
        "costOfRevenue":21346000000,
        "grossProfit":-3506000000,
        "researchAndDevelopmentExpenses":1154000000,
        "generalAndAdministrativeExpenses":0,
        "sellingAndMarketingExpenses":0,
        "sellingGeneralAndAdministrativeExpenses":1087000000,
        "otherExpenses":0,
        "operatingExpenses":2241000000,
        "costAndExpenses":23587000000,
        "netInterestIncome":-728000000,
        "interestIncome":0,
        "interestExpense":728000000,
        "depreciationAndAmortization":444000000,
        "ebitda":-5052000000,
        "ebit":-5496000000,
        "nonOperatingIncomeExcludingInterest":-251000000,
        "operatingIncome":-5747000000,
        "totalOtherIncomeExpensesNet":-477000000,
        "incomeBeforeTax":-6224000000,
        "incomeTaxExpense":-50000000,
        "netIncomeFromContinuingOperations":-6174000000,
        "netIncomeFromDiscontinuedOperations":0,
        "otherAdjustmentsToNetIncome":0,
        "netIncome":-6170000000,
        "netIncomeDeductions":0,
        "bottomLineNetIncome":-6170000000,
        "eps":-9.97,
        "epsDiluted":-9.97,
        "weightedAverageShsOut":618856570,
        "weightedAverageShsOutDil":618856570,
        "symbol_1":"BA",
        "reportedCurrency_1":"USD",
        "cik_1":"0000012927",
        "filingDate_1":"2024-10-23",
        "acceptedDate_1":"2024-10-23 12:43:27",
        "fiscalYear_1":"2024",
        "period_1":"Q3",
        "netIncome_1":-6174000000,
        "depreciationAndAmortization_1":444000000,
        "deferredIncomeTax":0,
        "stockBasedCompensation":102000000,
        "changeInWorkingCapital":597000000,
        "accountsReceivables":659000000,
        "inventory":-917000000,
        "accountsPayables":344000000,
        "otherWorkingCapital":511000000,
        "otherNonCashItems":3686000000,
        "netCashProvidedByOperatingActivities":-1345000000,
        "investmentsInPropertyPlantAndEquipment":-611000000,
        "acquisitionsNet":0,
        "purchasesOfInvestments":-134000000,
        "salesMaturitiesOfInvestments":1373000000,
        "otherInvestingActivities":51000000,
        "netCashProvidedByInvestingActivities":679000000,
        "netDebtIssuance":-312000000,
        "longTermNetDebtIssuance":-312000000,
        "shortTermNetDebtIssuance":0,
        "netStockIssuance":-6000000,
        "netCommonStockIssuance":-6000000,
        "commonStockIssuance":0,
        "commonStockRepurchased":-6000000,
        "netPreferredStockIssuance":0,
        "netDividendsPaid":0,
        "commonDividendsPaid":0,
        "preferredDividendsPaid":0,
        "otherFinancingActivities":18000000,
        "netCashProvidedByFinancingActivities":-300000000,
        "effectOfForexChangesOnCash":33000000,
        "netChangeInCash":-933000000,
        "cashAtEndOfPeriod":9961000000,
        "cashAtBeginningOfPeriod":10894000000,
        "operatingCashFlow":-1345000000,
        "capitalExpenditure":-611000000,
        "freeCashFlow":-1956000000,
        "incomeTaxesPaid":0,
        "interestPaid":0,
        "symbol_2":"BA",
        "stockPrice":152.04,
        "numberOfShares":618856570,
        "marketCapitalization":94090952902,
        "minusCashAndCashEquivalents":9961000000,
        "addTotalDebt":57650000000,
        "enterpriseValue":141779952902,
        "revenue_qoq":5.7749318155,
        "revenue_yoy":-1.4582412726,
        "netIncome_qoq":328.7699791522,
        "netIncome_yoy":277.1393643032,
        "operatingCashFlow_qoq":-65.7150140199,
        "operatingCashFlow_yoy":-6213.6363636364,
        "eps_qoq":327.8969957082,
        "eps_yoy":269.2592592593
    },
    {
        "date":"2024-06-30",
        "symbol":"BA",
        "reportedCurrency":"USD",
        "cik":"0000012927",
        "filingDate":"2024-07-31",
        "acceptedDate":"2024-07-31 13:04:24",
        "fiscalYear":"2024",
        "period":"Q2",
        "revenue":16866000000,
        "costOfRevenue":15620000000,
        "grossProfit":1246000000,
        "researchAndDevelopmentExpenses":954000000,
        "generalAndAdministrativeExpenses":0,
        "sellingAndMarketingExpenses":0,
        "sellingGeneralAndAdministrativeExpenses":1369000000,
        "otherExpenses":0,
        "operatingExpenses":2323000000,
        "costAndExpenses":17943000000,
        "netInterestIncome":-673000000,
        "interestIncome":0,
        "interestExpense":673000000,
        "depreciationAndAmortization":441000000,
        "ebitda":-401000000,
        "ebit":-842000000,
        "nonOperatingIncomeExcludingInterest":-235000000,
        "operatingIncome":-1077000000,
        "totalOtherIncomeExpensesNet":-438000000,
        "incomeBeforeTax":-1515000000,
        "incomeTaxExpense":-76000000,
        "netIncomeFromContinuingOperations":-1439000000,
        "netIncomeFromDiscontinuedOperations":0,
        "otherAdjustmentsToNetIncome":0,
        "netIncome":-1439000000,
        "netIncomeDeductions":0,
        "bottomLineNetIncome":-1439000000,
        "eps":-2.33,
        "epsDiluted":-2.33,
        "weightedAverageShsOut":616300000,
        "weightedAverageShsOutDil":616300000,
        "symbol_1":"BA",
        "reportedCurrency_1":"USD",
        "cik_1":"0000012927",
        "filingDate_1":"2024-07-01",
        "acceptedDate_1":"2024-07-01 06:06:32",
        "fiscalYear_1":"2024",
        "period_1":"Q2",
        "netIncome_1":-1439000000,
        "depreciationAndAmortization_1":441000000,
        "deferredIncomeTax":0,
        "stockBasedCompensation":89000000,
        "changeInWorkingCapital":-3325000000,
        "accountsReceivables":-112000000,
        "inventory":-2159000000,
        "accountsPayables":42000000,
        "otherWorkingCapital":-1096000000,
        "otherNonCashItems":311000000,
        "netCashProvidedByOperatingActivities":-3923000000,
        "investmentsInPropertyPlantAndEquipment":-404000000,
        "acquisitionsNet":0,
        "purchasesOfInvestments":-1374000000,
        "salesMaturitiesOfInvestments":266000000,
        "otherInvestingActivities":-588000000,
        "netCashProvidedByInvestingActivities":-2100000000,
        "netDebtIssuance":10023000000,
        "longTermNetDebtIssuance":10023000000,
        "shortTermNetDebtIssuance":0,
        "netStockIssuance":-2000000,
        "netCommonStockIssuance":-2000000,
        "commonStockIssuance":0,
        "commonStockRepurchased":-2000000,
        "netPreferredStockIssuance":0,
        "netDividendsPaid":0,
        "commonDividendsPaid":0,
        "preferredDividendsPaid":0,
        "otherFinancingActivities":-21000000,
        "netCashProvidedByFinancingActivities":10000000000,
        "effectOfForexChangesOnCash":3000000,
        "netChangeInCash":3980000000,
        "cashAtEndOfPeriod":10894000000,
        "cashAtBeginningOfPeriod":6914000000,
        "operatingCashFlow":-3923000000,
        "capitalExpenditure":-492000000,
        "freeCashFlow":-4415000000,
        "incomeTaxesPaid":0,
        "interestPaid":0,
        "symbol_2":"BA",
        "stockPrice":186.7,
        "numberOfShares":616300000,
        "marketCapitalization":115063210000,
        "minusCashAndCashEquivalents":10894000000,
        "addTotalDebt":57927000000,
        "enterpriseValue":162096210000,
        "revenue_qoq":1.7925040739,
        "revenue_yoy":-14.6068553491,
        "netIncome_qoq":319.5335276968,
        "netIncome_yoy":865.7718120805,
        "operatingCashFlow_qoq":16.6864961333,
        "operatingCashFlow_yoy":-236.452173913,
        "eps_qoq":316.0714285714,
        "eps_yoy":832.0
    },
    {
        "date":"2024-03-31",
        "symbol":"BA",
        "reportedCurrency":"USD",
        "cik":"0000012927",
        "filingDate":"2024-04-24",
        "acceptedDate":"2024-04-24 13:10:36",
        "fiscalYear":"2024",
        "period":"Q1",
        "revenue":16569000000,
        "costOfRevenue":14686000000,
        "grossProfit":1883000000,
        "researchAndDevelopmentExpenses":868000000,
        "generalAndAdministrativeExpenses":0,
        "sellingAndMarketingExpenses":0,
        "sellingGeneralAndAdministrativeExpenses":1159000000,
        "otherExpenses":0,
        "operatingExpenses":2027000000,
        "costAndExpenses":16713000000,
        "netInterestIncome":-569000000,
        "interestIncome":0,
        "interestExpense":569000000,
        "depreciationAndAmortization":442000000,
        "ebitda":633000000,
        "ebit":191000000,
        "nonOperatingIncomeExcludingInterest":-335000000,
        "operatingIncome":-144000000,
        "totalOtherIncomeExpensesNet":-234000000,
        "incomeBeforeTax":-378000000,
        "incomeTaxExpense":-23000000,
        "netIncomeFromContinuingOperations":-355000000,
        "netIncomeFromDiscontinuedOperations":0,
        "otherAdjustmentsToNetIncome":0,
        "netIncome":-343000000,
        "netIncomeDeductions":0,
        "bottomLineNetIncome":-343000000,
        "eps":-0.56,
        "epsDiluted":-0.56,
        "weightedAverageShsOut":612900000,
        "weightedAverageShsOutDil":612900000,
        "symbol_1":"BA",
        "reportedCurrency_1":"USD",
        "cik_1":"0000012927",
        "filingDate_1":"2024-04-24",
        "acceptedDate_1":"2024-04-24 13:10:36",
        "fiscalYear_1":"2024",
        "period_1":"Q1",
        "netIncome_1":-355000000,
        "depreciationAndAmortization_1":442000000,
        "deferredIncomeTax":0,
        "stockBasedCompensation":119000000,
        "changeInWorkingCapital":-4205000000,
        "accountsReceivables":-1606000000,
        "inventory":-3778000000,
        "accountsPayables":-264000000,
        "otherWorkingCapital":1443000000,
        "otherNonCashItems":637000000,
        "netCashProvidedByOperatingActivities":-3362000000,
        "investmentsInPropertyPlantAndEquipment":-567000000,
        "acquisitionsNet":0,
        "purchasesOfInvestments":-243000000,
        "salesMaturitiesOfInvestments":2907000000,
        "otherInvestingActivities":-23000000,
        "netCashProvidedByInvestingActivities":2074000000,
        "netDebtIssuance":-4415000000,
        "longTermNetDebtIssuance":-4415000000,
        "shortTermNetDebtIssuance":0,
        "netStockIssuance":-65000000,
        "netCommonStockIssuance":-65000000,
        "commonStockIssuance":0,
        "commonStockRepurchased":-65000000,
        "netPreferredStockIssuance":0,
        "netDividendsPaid":0,
        "commonDividendsPaid":0,
        "preferredDividendsPaid":0,
        "otherFinancingActivities":18000000,
        "netCashProvidedByFinancingActivities":-4462000000,
        "effectOfForexChangesOnCash":-28000000,
        "netChangeInCash":-5799000000,
        "cashAtEndOfPeriod":6914000000,
        "cashAtBeginningOfPeriod":12713000000,
        "operatingCashFlow":-3362000000,
        "capitalExpenditure":-567000000,
        "freeCashFlow":-3929000000,
        "incomeTaxesPaid":0,
        "interestPaid":0,
        "symbol_2":"BA",
        "stockPrice":189.5,
        "numberOfShares":612900000,
        "marketCapitalization":116144550000,
        "minusCashAndCashEquivalents":6914000000,
        "addTotalDebt":47940000000,
        "enterpriseValue":157170550000,
        "revenue_qoq":-24.7479335089,
        "revenue_yoy":-7.5442218626,
        "netIncome_qoq":1391.3043478261,
        "netIncome_yoy":-17.1497584541,
        "operatingCashFlow_qoq":-199.438036084,
        "operatingCashFlow_yoy":957.2327044025,
        "eps_qoq":1300.0,
        "eps_yoy":-18.8405797101
    },
    {
        "date":"2023-12-31",
        "symbol":"BA",
        "reportedCurrency":"USD",
        "cik":"0000012927",
        "filingDate":"2024-01-31",
        "acceptedDate":"2024-01-31 12:45:19",
        "fiscalYear":"2023",
        "period":"Q4",
        "revenue":22018000000,
        "costOfRevenue":19324000000,
        "grossProfit":2694000000,
        "researchAndDevelopmentExpenses":881000000,
        "generalAndAdministrativeExpenses":0,
        "sellingAndMarketingExpenses":0,
        "sellingGeneralAndAdministrativeExpenses":1526000000,
        "otherExpenses":0,
        "operatingExpenses":2407000000,
        "costAndExpenses":21731000000,
        "netInterestIncome":-600000000,
        "interestIncome":0,
        "interestExpense":600000000,
        "depreciationAndAmortization":481000000,
        "ebitda":1072000000,
        "ebit":591000000,
        "nonOperatingIncomeExcludingInterest":-304000000,
        "operatingIncome":287000000,
        "totalOtherIncomeExpensesNet":-296000000,
        "incomeBeforeTax":-9000000,
        "incomeTaxExpense":21000000,
        "netIncomeFromContinuingOperations":-30000000,
        "netIncomeFromDiscontinuedOperations":0,
        "otherAdjustmentsToNetIncome":0,
        "netIncome":-23000000,
        "netIncomeDeductions":0,
        "bottomLineNetIncome":-23000000,
        "eps":-0.04,
        "epsDiluted":-0.0377,
        "weightedAverageShsOut":575000000,
        "weightedAverageShsOutDil":609500000,
        "symbol_1":"BA",
        "reportedCurrency_1":"USD",
        "cik_1":"0000012927",
        "filingDate_1":"2024-01-31",
        "acceptedDate_1":"2024-01-31 12:45:19",
        "fiscalYear_1":"2023",
        "period_1":"Q4",
        "netIncome_1":-30000000,
        "depreciationAndAmortization_1":481000000,
        "deferredIncomeTax":33000000,
        "stockBasedCompensation":460000000,
        "changeInWorkingCapital":2416000000,
        "accountsReceivables":395000000,
        "inventory":-741000000,
        "accountsPayables":690000000,
        "otherWorkingCapital":2072000000,
        "otherNonCashItems":14000000,
        "netCashProvidedByOperatingActivities":3381000000,
        "investmentsInPropertyPlantAndEquipment":-431000000,
        "acquisitionsNet":-51000000,
        "purchasesOfInvestments":-1963000000,
        "salesMaturitiesOfInvestments":5242000000,
        "otherInvestingActivities":7000000,
        "netCashProvidedByInvestingActivities":2804000000,
        "netDebtIssuance":-15000000,
        "longTermNetDebtIssuance":-15000000,
        "shortTermNetDebtIssuance":0,
        "netStockIssuance":-356000000,
        "netCommonStockIssuance":-356000000,
        "commonStockIssuance":0,
        "commonStockRepurchased":-356000000,
        "netPreferredStockIssuance":0,
        "netDividendsPaid":0,
        "commonDividendsPaid":0,
        "preferredDividendsPaid":0,
        "otherFinancingActivities":15000000,
        "netCashProvidedByFinancingActivities":-356000000,
        "effectOfForexChangesOnCash":52000000,
        "netChangeInCash":5880000000,
        "cashAtEndOfPeriod":12691000000,
        "cashAtBeginningOfPeriod":6811000000,
        "operatingCashFlow":3381000000,
        "capitalExpenditure":-431000000,
        "freeCashFlow":2950000000,
        "incomeTaxesPaid":0,
        "interestPaid":0,
        "symbol_2":"BA",
        "stockPrice":260.66,
        "numberOfShares":575000000,
        "marketCapitalization":149879500000,
        "minusCashAndCashEquivalents":12691000000,
        "addTotalDebt":52603000000,
        "enterpriseValue":189791500000,
        "revenue_qoq":21.6195315952,
        "revenue_yoy":10.2002002002,
        "netIncome_qoq":-98.5941320293,
        "netIncome_yoy":-96.3722397476,
        "operatingCashFlow_qoq":15268.1818181818,
        "operatingCashFlow_yoy":-2.198437952,
        "eps_qoq":-98.5185185185,
        "eps_yoy":-95.6043956044
    },
    {
        "date":"2023-09-30",
        "symbol":"BA",
        "reportedCurrency":"USD",
        "cik":"0000012927",
        "filingDate":"2023-10-25",
        "acceptedDate":"2023-10-25 12:55:02",
        "fiscalYear":"2023",
        "period":"Q3",
        "revenue":18104000000,
        "costOfRevenue":16931000000,
        "grossProfit":1173000000,
        "researchAndDevelopmentExpenses":958000000,
        "generalAndAdministrativeExpenses":0,
        "sellingAndMarketingExpenses":0,
        "sellingGeneralAndAdministrativeExpenses":1046000000,
        "otherExpenses":0,
        "operatingExpenses":2004000000,
        "costAndExpenses":18935000000,
        "netInterestIncome":-589000000,
        "interestIncome":0,
        "interestExpense":589000000,
        "depreciationAndAmortization":467000000,
        "ebitda":-44000000,
        "ebit":-511000000,
        "nonOperatingIncomeExcludingInterest":-320000000,
        "operatingIncome":-831000000,
        "totalOtherIncomeExpensesNet":-269000000,
        "incomeBeforeTax":-1100000000,
        "incomeTaxExpense":538000000,
        "netIncomeFromContinuingOperations":-1638000000,
        "netIncomeFromDiscontinuedOperations":0,
        "otherAdjustmentsToNetIncome":0,
        "netIncome":-1636000000,
        "netIncomeDeductions":0,
        "bottomLineNetIncome":-1636000000,
        "eps":-2.7,
        "epsDiluted":-2.69,
        "weightedAverageShsOut":605925926,
        "weightedAverageShsOutDil":607200000,
        "symbol_1":"BA",
        "reportedCurrency_1":"USD",
        "cik_1":"0000012927",
        "filingDate_1":"2023-10-25",
        "acceptedDate_1":"2023-10-25 12:55:02",
        "fiscalYear_1":"2023",
        "period_1":"Q3",
        "netIncome_1":-1638000000,
        "depreciationAndAmortization_1":467000000,
        "deferredIncomeTax":150000,
        "stockBasedCompensation":167000000,
        "changeInWorkingCapital":739000000,
        "accountsReceivables":-90000000,
        "inventory":-699000000,
        "accountsPayables":130000000,
        "otherWorkingCapital":1398000000,
        "otherNonCashItems":286850000,
        "netCashProvidedByOperatingActivities":22000000,
        "investmentsInPropertyPlantAndEquipment":-332000000,
        "acquisitionsNet":-13000000,
        "purchasesOfInvestments":-4989000000,
        "salesMaturitiesOfInvestments":4930000000,
        "otherInvestingActivities":1000000,
        "netCashProvidedByInvestingActivities":-403000000,
        "netDebtIssuance":-41000000,
        "longTermNetDebtIssuance":-41000000,
        "shortTermNetDebtIssuance":0,
        "netStockIssuance":1000000,
        "netCommonStockIssuance":1000000,
        "commonStockIssuance":1000000,
        "commonStockRepurchased":0,
        "netPreferredStockIssuance":0,
        "netDividendsPaid":0,
        "commonDividendsPaid":0,
        "preferredDividendsPaid":0,
        "otherFinancingActivities":2000000,
        "netCashProvidedByFinancingActivities":-38000000,
        "effectOfForexChangesOnCash":-24000000,
        "netChangeInCash":-443000000,
        "cashAtEndOfPeriod":6811000000,
        "cashAtBeginningOfPeriod":7254000000,
        "operatingCashFlow":22000000,
        "capitalExpenditure":-332000000,
        "freeCashFlow":-310000000,
        "incomeTaxesPaid":0,
        "interestPaid":0,
        "symbol_2":"BA",
        "stockPrice":191.68,
        "numberOfShares":605925926,
        "marketCapitalization":116143881495,
        "minusCashAndCashEquivalents":6811000000,
        "addTotalDebt":52272000000,
        "enterpriseValue":161604881495,
        "revenue_qoq":-8.3388182877,
        "revenue_yoy":13.4691319336,
        "netIncome_qoq":997.9865771812,
        "netIncome_yoy":-50.0458015267,
        "operatingCashFlow_qoq":-99.2347826087,
        "operatingCashFlow_yoy":-99.3103448276,
        "eps_qoq":980.0,
        "eps_yoy":-51.3513513514
    },
    {
        "date":"2023-06-30",
        "symbol":"BA",
        "reportedCurrency":"USD",
        "cik":"0000012927",
        "filingDate":"2023-07-26",
        "acceptedDate":"2023-07-26 13:23:50",
        "fiscalYear":"2023",
        "period":"Q2",
        "revenue":19751000000,
        "costOfRevenue":17818000000,
        "grossProfit":1933000000,
        "researchAndDevelopmentExpenses":797000000,
        "generalAndAdministrativeExpenses":0,
        "sellingAndMarketingExpenses":0,
        "sellingGeneralAndAdministrativeExpenses":1277000000,
        "otherExpenses":0,
        "operatingExpenses":2074000000,
        "costAndExpenses":19892000000,
        "netInterestIncome":-621000000,
        "interestIncome":0,
        "interestExpense":621000000,
        "depreciationAndAmortization":456000000,
        "ebitda":677000000,
        "ebit":221000000,
        "nonOperatingIncomeExcludingInterest":-362000000,
        "operatingIncome":-141000000,
        "totalOtherIncomeExpensesNet":-259000000,
        "incomeBeforeTax":-400000000,
        "incomeTaxExpense":-251000000,
        "netIncomeFromContinuingOperations":-149000000,
        "netIncomeFromDiscontinuedOperations":0,
        "otherAdjustmentsToNetIncome":0,
        "netIncome":-149000000,
        "netIncomeDeductions":0,
        "bottomLineNetIncome":-149000000,
        "eps":-0.25,
        "epsDiluted":-0.25,
        "weightedAverageShsOut":605500000,
        "weightedAverageShsOutDil":605500000,
        "symbol_1":"BA",
        "reportedCurrency_1":"USD",
        "cik_1":"0000012927",
        "filingDate_1":"2023-07-26",
        "acceptedDate_1":"2023-07-26 13:23:50",
        "fiscalYear_1":"2023",
        "period_1":"Q2",
        "netIncome_1":-149000000,
        "depreciationAndAmortization_1":456000000,
        "deferredIncomeTax":150000,
        "stockBasedCompensation":159000000,
        "changeInWorkingCapital":2103000000,
        "accountsReceivables":-92000000,
        "inventory":149000000,
        "accountsPayables":621000000,
        "otherWorkingCapital":1425000000,
        "otherNonCashItems":305850000,
        "netCashProvidedByOperatingActivities":2875000000,
        "investmentsInPropertyPlantAndEquipment":-296000000,
        "acquisitionsNet":8000000,
        "purchasesOfInvestments":-5935000000,
        "salesMaturitiesOfInvestments":3364000000,
        "otherInvestingActivities":-156000000,
        "netCashProvidedByInvestingActivities":-3015000000,
        "netDebtIssuance":-3403000000,
        "longTermNetDebtIssuance":-3403000000,
        "shortTermNetDebtIssuance":0,
        "netStockIssuance":-6000000,
        "netCommonStockIssuance":-6000000,
        "commonStockIssuance":0,
        "commonStockRepurchased":-6000000,
        "netPreferredStockIssuance":0,
        "netDividendsPaid":0,
        "commonDividendsPaid":0,
        "preferredDividendsPaid":0,
        "otherFinancingActivities":-4000000,
        "netCashProvidedByFinancingActivities":-3413000000,
        "effectOfForexChangesOnCash":-8000000,
        "netChangeInCash":-3558000000,
        "cashAtEndOfPeriod":7254000000,
        "cashAtBeginningOfPeriod":10812000000,
        "operatingCashFlow":2875000000,
        "capitalExpenditure":-296000000,
        "freeCashFlow":2579000000,
        "incomeTaxesPaid":0,
        "interestPaid":0,
        "symbol_2":"BA",
        "stockPrice":211.16,
        "numberOfShares":605500000,
        "marketCapitalization":127857380000,
        "minusCashAndCashEquivalents":7254000000,
        "addTotalDebt":52268000000,
        "enterpriseValue":172871380000,
        "revenue_qoq":10.2114837342,
        "revenue_yoy":18.4041724117,
        "netIncome_qoq":-64.0096618357,
        "netIncome_yoy":-177.2020725389,
        "operatingCashFlow_qoq":-1004.0880503145,
        "operatingCashFlow_yoy":3449.3827160494,
        "eps_qoq":-63.768115942,
        "eps_yoy":-178.125
    },
    {
        "date":"2023-03-31",
        "symbol":"BA",
        "reportedCurrency":"USD",
        "cik":"0000012927",
        "filingDate":"2023-04-26",
        "acceptedDate":"2023-04-26 13:03:42",
        "fiscalYear":"2023",
        "period":"Q1",
        "revenue":17921000000,
        "costOfRevenue":16013000000,
        "grossProfit":1908000000,
        "researchAndDevelopmentExpenses":741000000,
        "generalAndAdministrativeExpenses":0,
        "sellingAndMarketingExpenses":0,
        "sellingGeneralAndAdministrativeExpenses":1295000000,
        "otherExpenses":0,
        "operatingExpenses":2036000000,
        "costAndExpenses":18049000000,
        "netInterestIncome":-649000000,
        "interestIncome":0,
        "interestExpense":649000000,
        "depreciationAndAmortization":457000000,
        "ebitda":610000000,
        "ebit":153000000,
        "nonOperatingIncomeExcludingInterest":-281000000,
        "operatingIncome":-128000000,
        "totalOtherIncomeExpensesNet":-368000000,
        "incomeBeforeTax":-496000000,
        "incomeTaxExpense":-71000000,
        "netIncomeFromContinuingOperations":-425000000,
        "netIncomeFromDiscontinuedOperations":0,
        "otherAdjustmentsToNetIncome":0,
        "netIncome":-414000000,
        "netIncomeDeductions":0,
        "bottomLineNetIncome":-414000000,
        "eps":-0.69,
        "epsDiluted":-0.69,
        "weightedAverageShsOut":600000000,
        "weightedAverageShsOutDil":602500000,
        "symbol_1":"BA",
        "reportedCurrency_1":"USD",
        "cik_1":"0000012927",
        "filingDate_1":"2023-04-26",
        "acceptedDate_1":"2023-04-26 13:03:42",
        "fiscalYear_1":"2023",
        "period_1":"Q1",
        "netIncome_1":-414000000,
        "depreciationAndAmortization_1":457000000,
        "deferredIncomeTax":0,
        "stockBasedCompensation":222000000,
        "changeInWorkingCapital":-1169000000,
        "accountsReceivables":-1295000000,
        "inventory":-390000000,
        "accountsPayables":231000000,
        "otherWorkingCapital":285000000,
        "otherNonCashItems":586000000,
        "netCashProvidedByOperatingActivities":-318000000,
        "investmentsInPropertyPlantAndEquipment":-468000000,
        "acquisitionsNet":0,
        "purchasesOfInvestments":-3561000000,
        "salesMaturitiesOfInvestments":2203000000,
        "otherInvestingActivities":3000000,
        "netCashProvidedByInvestingActivities":-1823000000,
        "netDebtIssuance":-1682000000,
        "longTermNetDebtIssuance":-1682000000,
        "shortTermNetDebtIssuance":0,
        "netStockIssuance":44000000,
        "netCommonStockIssuance":44000000,
        "commonStockIssuance":44000000,
        "commonStockRepurchased":0,
        "netPreferredStockIssuance":0,
        "netDividendsPaid":0,
        "commonDividendsPaid":0,
        "preferredDividendsPaid":0,
        "otherFinancingActivities":-42000000,
        "netCashProvidedByFinancingActivities":-1680000000,
        "effectOfForexChangesOnCash":10000000,
        "netChangeInCash":-3811000000,
        "cashAtEndOfPeriod":10812000000,
        "cashAtBeginningOfPeriod":14647000000,
        "operatingCashFlow":-318000000,
        "capitalExpenditure":-468000000,
        "freeCashFlow":-786000000,
        "incomeTaxesPaid":0,
        "interestPaid":0,
        "symbol_2":"BA",
        "stockPrice":212.43,
        "numberOfShares":600000000,
        "marketCapitalization":127458000000,
        "minusCashAndCashEquivalents":10812000000,
        "addTotalDebt":55391000000,
        "enterpriseValue":172037000000,
        "revenue_qoq":-10.3053053053,
        "revenue_yoy":28.0894860982,
        "netIncome_qoq":-34.7003154574,
        "netIncome_yoy":-66.0377358491,
        "operatingCashFlow_qoq":-109.1987272201,
        "operatingCashFlow_yoy":-90.1119402985,
        "eps_qoq":-24.1758241758,
        "eps_yoy":-66.5048543689
    },
    {
        "date":"2022-12-31",
        "symbol":"BA",
        "reportedCurrency":"USD",
        "cik":"0000012927",
        "filingDate":"2023-01-27",
        "acceptedDate":"2023-01-27 14:26:33",
        "fiscalYear":"2022",
        "period":"Q4",
        "revenue":19980000000,
        "costOfRevenue":18135000000,
        "grossProfit":1845000000,
        "researchAndDevelopmentExpenses":794000000,
        "generalAndAdministrativeExpenses":0,
        "sellingAndMarketingExpenses":0,
        "sellingGeneralAndAdministrativeExpenses":1416000000,
        "otherExpenses":0,
        "operatingExpenses":2210000000,
        "costAndExpenses":20345000000,
        "netInterestIncome":-632000000,
        "interestIncome":0,
        "interestExpense":632000000,
        "depreciationAndAmortization":502000000,
        "ebitda":485000000,
        "ebit":-17000000,
        "nonOperatingIncomeExcludingInterest":-348000000,
        "operatingIncome":-365000000,
        "totalOtherIncomeExpensesNet":-284000000,
        "incomeBeforeTax":-649000000,
        "incomeTaxExpense":14000000,
        "netIncomeFromContinuingOperations":-663000000,
        "netIncomeFromDiscontinuedOperations":0,
        "otherAdjustmentsToNetIncome":0,
        "netIncome":-634000000,
        "netIncomeDeductions":0,
        "bottomLineNetIncome":-634000000,
        "eps":-0.91,
        "epsDiluted":-0.91,
        "weightedAverageShsOut":598113208,
        "weightedAverageShsOutDil":598900000,
        "symbol_1":"BA",
        "reportedCurrency_1":"USD",
        "cik_1":"0000012927",
        "filingDate_1":"2023-01-27",
        "acceptedDate_1":"2023-01-27 14:26:33",
        "fiscalYear_1":"2022",
        "period_1":"Q4",
        "netIncome_1":-663000000,
        "depreciationAndAmortization_1":502000000,
        "deferredIncomeTax":0,
        "stockBasedCompensation":485000000,
        "changeInWorkingCapital":3130000000,
        "accountsReceivables":164000000,
        "inventory":1584000000,
        "accountsPayables":248000000,
        "otherWorkingCapital":1134000000,
        "otherNonCashItems":3000000,
        "netCashProvidedByOperatingActivities":3457000000,
        "investmentsInPropertyPlantAndEquipment":-326000000,
        "acquisitionsNet":16000000,
        "purchasesOfInvestments":-2278000000,
        "salesMaturitiesOfInvestments":437000000,
        "otherInvestingActivities":0,
        "netCashProvidedByInvestingActivities":-2151000000,
        "netDebtIssuance":-257000000,
        "longTermNetDebtIssuance":-257000000,
        "shortTermNetDebtIssuance":0,
        "netStockIssuance":11000000,
        "netCommonStockIssuance":11000000,
        "commonStockIssuance":11000000,
        "commonStockRepurchased":0,
        "netPreferredStockIssuance":0,
        "netDividendsPaid":0,
        "commonDividendsPaid":0,
        "preferredDividendsPaid":0,
        "otherFinancingActivities":-4000000,
        "netCashProvidedByFinancingActivities":-250000000,
        "effectOfForexChangesOnCash":61000000,
        "netChangeInCash":1117000000,
        "cashAtEndOfPeriod":14614000000,
        "cashAtBeginningOfPeriod":13530000000,
        "operatingCashFlow":3457000000,
        "capitalExpenditure":-326000000,
        "freeCashFlow":3131000000,
        "incomeTaxesPaid":0,
        "interestPaid":0,
        "symbol_2":"BA",
        "stockPrice":190.49,
        "numberOfShares":598113208,
        "marketCapitalization":113934584991,
        "minusCashAndCashEquivalents":14614000000,
        "addTotalDebt":57277000000,
        "enterpriseValue":156597584991,
        "revenue_qoq":25.2272015042,
        "revenue_yoy":35.0638815656,
        "netIncome_qoq":-80.641221374,
        "netIncome_yoy":-84.6970794111,
        "operatingCashFlow_qoq":8.3699059561,
        "operatingCashFlow_yoy":382.8212290503,
        "eps_qoq":-83.6036036036,
        "eps_yoy":-87.037037037
    },
    {
        "date":"2022-09-30",
        "symbol":"BA",
        "reportedCurrency":"USD",
        "cik":"0000012927",
        "filingDate":"2022-10-26",
        "acceptedDate":"2022-10-26 12:59:26",
        "fiscalYear":"2022",
        "period":"Q3",
        "revenue":15955000000,
        "costOfRevenue":16788000000,
        "grossProfit":-833000000,
        "researchAndDevelopmentExpenses":727000000,
        "generalAndAdministrativeExpenses":0,
        "sellingAndMarketingExpenses":0,
        "sellingGeneralAndAdministrativeExpenses":1223000000,
        "otherExpenses":0,
        "operatingExpenses":1950000000,
        "costAndExpenses":18738000000,
        "netInterestIncome":-621000000,
        "interestIncome":0,
        "interestExpense":621000000,
        "depreciationAndAmortization":493000000,
        "ebitda":-2018000000,
        "ebit":-2511000000,
        "nonOperatingIncomeExcludingInterest":-272000000,
        "operatingIncome":-2783000000,
        "totalOtherIncomeExpensesNet":-349000000,
        "incomeBeforeTax":-3132000000,
        "incomeTaxExpense":176000000,
        "netIncomeFromContinuingOperations":-3308000000,
        "netIncomeFromDiscontinuedOperations":0,
        "otherAdjustmentsToNetIncome":0,
        "netIncome":-3275000000,
        "netIncomeDeductions":0,
        "bottomLineNetIncome":-3275000000,
        "eps":-5.55,
        "epsDiluted":-5.55,
        "weightedAverageShsOut":596300000,
        "weightedAverageShsOutDil":596300000,
        "symbol_1":"BA",
        "reportedCurrency_1":"USD",
        "cik_1":"0000012927",
        "filingDate_1":"2022-10-26",
        "acceptedDate_1":"2022-10-26 12:59:26",
        "fiscalYear_1":"2022",
        "period_1":"Q3",
        "netIncome_1":-3275000000,
        "depreciationAndAmortization_1":493000000,
        "deferredIncomeTax":180000,
        "stockBasedCompensation":176000000,
        "changeInWorkingCapital":5382000000,
        "accountsReceivables":328000000,
        "inventory":96000000,
        "accountsPayables":195000000,
        "otherWorkingCapital":4763000000,
        "otherNonCashItems":413820000,
        "netCashProvidedByOperatingActivities":3190000000,
        "investmentsInPropertyPlantAndEquipment":-284000000,
        "acquisitionsNet":3000000,
        "purchasesOfInvestments":-302000000,
        "salesMaturitiesOfInvestments":886000000,
        "otherInvestingActivities":-13000000,
        "netCashProvidedByInvestingActivities":290000000,
        "netDebtIssuance":-21000000,
        "longTermNetDebtIssuance":-21000000,
        "shortTermNetDebtIssuance":0,
        "netStockIssuance":5000000,
        "netCommonStockIssuance":5000000,
        "commonStockIssuance":5000000,
        "commonStockRepurchased":0,
        "netPreferredStockIssuance":0,
        "netDividendsPaid":0,
        "commonDividendsPaid":0,
        "preferredDividendsPaid":0,
        "otherFinancingActivities":-2000000,
        "netCashProvidedByFinancingActivities":-18000000,
        "effectOfForexChangesOnCash":-63000000,
        "netChangeInCash":3404000000,
        "cashAtEndOfPeriod":13530000000,
        "cashAtBeginningOfPeriod":10090000000,
        "operatingCashFlow":3190000000,
        "capitalExpenditure":-284000000,
        "freeCashFlow":2906000000,
        "incomeTaxesPaid":0,
        "interestPaid":0,
        "symbol_2":"BA",
        "stockPrice":121.08,
        "numberOfShares":596300000,
        "marketCapitalization":72200004000,
        "minusCashAndCashEquivalents":13494000000,
        "addTotalDebt":57219000000,
        "enterpriseValue":115925004000,
        "revenue_qoq":-4.3522570589,
        "revenue_yoy":4.4312082733,
        "netIncome_qoq":-1796.8911917098,
        "netIncome_yoy":2904.5871559633,
        "operatingCashFlow_qoq":3838.2716049383,
        "operatingCashFlow_yoy":-1317.5572519084,
        "eps_qoq":-1834.375,
        "eps_yoy":2821.0526315789
    },
    {
        "date":"2022-06-30",
        "symbol":"BA",
        "reportedCurrency":"USD",
        "cik":"0000012927",
        "filingDate":"2022-07-27",
        "acceptedDate":"2022-07-27 12:10:45",
        "fiscalYear":"2022",
        "period":"Q2",
        "revenue":16681000000,
        "costOfRevenue":14570000000,
        "grossProfit":2111000000,
        "researchAndDevelopmentExpenses":698000000,
        "generalAndAdministrativeExpenses":0,
        "sellingAndMarketingExpenses":0,
        "sellingGeneralAndAdministrativeExpenses":663000000,
        "otherExpenses":0,
        "operatingExpenses":1361000000,
        "costAndExpenses":15931000000,
        "netInterestIncome":-650000000,
        "interestIncome":0,
        "interestExpense":650000000,
        "depreciationAndAmortization":498000000,
        "ebitda":1525000000,
        "ebit":1027000000,
        "nonOperatingIncomeExcludingInterest":-277000000,
        "operatingIncome":750000000,
        "totalOtherIncomeExpensesNet":-373000000,
        "incomeBeforeTax":377000000,
        "incomeTaxExpense":217000000,
        "netIncomeFromContinuingOperations":160000000,
        "netIncomeFromDiscontinuedOperations":0,
        "otherAdjustmentsToNetIncome":0,
        "netIncome":193000000,
        "netIncomeDeductions":0,
        "bottomLineNetIncome":193000000,
        "eps":0.32,
        "epsDiluted":0.32,
        "weightedAverageShsOut":596100000,
        "weightedAverageShsOutDil":596100000,
        "symbol_1":"BA",
        "reportedCurrency_1":"USD",
        "cik_1":"0000012927",
        "filingDate_1":"2022-07-27",
        "acceptedDate_1":"2022-07-27 12:10:45",
        "fiscalYear_1":"2022",
        "period_1":"Q2",
        "netIncome_1":160000000,
        "depreciationAndAmortization_1":498000000,
        "deferredIncomeTax":0,
        "stockBasedCompensation":149000000,
        "changeInWorkingCapital":-1087000000,
        "accountsReceivables":-587000000,
        "inventory":-57000000,
        "accountsPayables":764000000,
        "otherWorkingCapital":-1207000000,
        "otherNonCashItems":361000000,
        "netCashProvidedByOperatingActivities":81000000,
        "investmentsInPropertyPlantAndEquipment":-263000000,
        "acquisitionsNet":8000000,
        "purchasesOfInvestments":-739000000,
        "salesMaturitiesOfInvestments":4259000000,
        "otherInvestingActivities":1000000,
        "netCashProvidedByInvestingActivities":3266000000,
        "netDebtIssuance":-604000000,
        "longTermNetDebtIssuance":-604000000,
        "shortTermNetDebtIssuance":0,
        "netStockIssuance":4000000,
        "netCommonStockIssuance":4000000,
        "commonStockIssuance":4000000,
        "commonStockRepurchased":0,
        "netPreferredStockIssuance":0,
        "netDividendsPaid":0,
        "commonDividendsPaid":0,
        "preferredDividendsPaid":0,
        "otherFinancingActivities":-2000000,
        "netCashProvidedByFinancingActivities":-602000000,
        "effectOfForexChangesOnCash":-68000000,
        "netChangeInCash":2681000000,
        "cashAtEndOfPeriod":10090000000,
        "cashAtBeginningOfPeriod":7409000000,
        "operatingCashFlow":81000000,
        "capitalExpenditure":-263000000,
        "freeCashFlow":-182000000,
        "incomeTaxesPaid":0,
        "interestPaid":0,
        "symbol_2":"BA",
        "stockPrice":136.72,
        "numberOfShares":596100000,
        "marketCapitalization":81498792000,
        "minusCashAndCashEquivalents":10090000000,
        "addTotalDebt":57200000000,
        "enterpriseValue":128608792000,
        "revenue_qoq":19.2266457008,
        "revenue_yoy":-1.8649252853,
        "netIncome_qoq":-115.8326497129,
        "netIncome_yoy":-67.1209540034,
        "operatingCashFlow_qoq":-102.5186567164,
        "operatingCashFlow_yoy":-116.7701863354,
        "eps_qoq":-115.5339805825,
        "eps_yoy":-68.0
    },
    {
        "date":"2022-03-31",
        "symbol":"BA",
        "reportedCurrency":"USD",
        "cik":"0000012927",
        "filingDate":"2022-04-27",
        "acceptedDate":"2022-04-27 12:35:48",
        "fiscalYear":"2022",
        "period":"Q1",
        "revenue":13991000000,
        "costOfRevenue":13651000000,
        "grossProfit":340000000,
        "researchAndDevelopmentExpenses":633000000,
        "generalAndAdministrativeExpenses":0,
        "sellingAndMarketingExpenses":0,
        "sellingGeneralAndAdministrativeExpenses":864000000,
        "otherExpenses":0,
        "operatingExpenses":1497000000,
        "costAndExpenses":15148000000,
        "netInterestIncome":-630000000,
        "interestIncome":0,
        "interestExpense":630000000,
        "depreciationAndAmortization":486000000,
        "ebitda":-502000000,
        "ebit":-988000000,
        "nonOperatingIncomeExcludingInterest":-169000000,
        "operatingIncome":-1157000000,
        "totalOtherIncomeExpensesNet":-461000000,
        "incomeBeforeTax":-1618000000,
        "incomeTaxExpense":-376000000,
        "netIncomeFromContinuingOperations":-1242000000,
        "netIncomeFromDiscontinuedOperations":0,
        "otherAdjustmentsToNetIncome":0,
        "netIncome":-1219000000,
        "netIncomeDeductions":0,
        "bottomLineNetIncome":-1219000000,
        "eps":-2.06,
        "epsDiluted":-2.06,
        "weightedAverageShsOut":591400000,
        "weightedAverageShsOutDil":591400000,
        "symbol_1":"BA",
        "reportedCurrency_1":"USD",
        "cik_1":"0000012927",
        "filingDate_1":"2022-04-27",
        "acceptedDate_1":"2022-04-27 12:35:48",
        "fiscalYear_1":"2022",
        "period_1":"Q1",
        "netIncome_1":-1242000000,
        "depreciationAndAmortization_1":486000000,
        "deferredIncomeTax":0,
        "stockBasedCompensation":203000000,
        "changeInWorkingCapital":-3286000000,
        "accountsReceivables":237000000,
        "inventory":-1203000000,
        "accountsPayables":-369000000,
        "otherWorkingCapital":-1951000000,
        "otherNonCashItems":623000000,
        "netCashProvidedByOperatingActivities":-3216000000,
        "investmentsInPropertyPlantAndEquipment":-349000000,
        "acquisitionsNet":8000000,
        "purchasesOfInvestments":-1732000000,
        "salesMaturitiesOfInvestments":5037000000,
        "otherInvestingActivities":9000000,
        "netCashProvidedByInvestingActivities":2965000000,
        "netDebtIssuance":-394000000,
        "longTermNetDebtIssuance":-394000000,
        "shortTermNetDebtIssuance":0,
        "netStockIssuance":30000000,
        "netCommonStockIssuance":30000000,
        "commonStockIssuance":30000000,
        "commonStockRepurchased":0,
        "netPreferredStockIssuance":0,
        "netDividendsPaid":0,
        "commonDividendsPaid":0,
        "preferredDividendsPaid":0,
        "otherFinancingActivities":-32000000,
        "netCashProvidedByFinancingActivities":-396000000,
        "effectOfForexChangesOnCash":4000000,
        "netChangeInCash":-643000000,
        "cashAtEndOfPeriod":7409000000,
        "cashAtBeginningOfPeriod":8052000000,
        "operatingCashFlow":-3216000000,
        "capitalExpenditure":-349000000,
        "freeCashFlow":-3565000000,
        "incomeTaxesPaid":0,
        "interestPaid":0,
        "symbol_2":"BA",
        "stockPrice":191.5,
        "numberOfShares":591400000,
        "marketCapitalization":113253100000,
        "minusCashAndCashEquivalents":7409000000,
        "addTotalDebt":57741000000,
        "enterpriseValue":163585100000,
        "revenue_qoq":-5.4214831339,
        "revenue_yoy":-8.0567786029,
        "netIncome_qoq":-70.5768766594,
        "netIncome_yoy":127.0018621974,
        "operatingCashFlow_qoq":-549.1620111732,
        "operatingCashFlow_yoy":-5.0487156776,
        "eps_qoq":-70.6552706553,
        "eps_yoy":123.9130434783
    },
    {
        "date":"2021-12-31",
        "symbol":"BA",
        "reportedCurrency":"USD",
        "cik":"0000012927",
        "filingDate":"2022-01-31",
        "acceptedDate":"2022-01-31 10:33:32",
        "fiscalYear":"2021",
        "period":"Q4",
        "revenue":14793000000,
        "costOfRevenue":13847000000,
        "grossProfit":946000000,
        "researchAndDevelopmentExpenses":678000000,
        "generalAndAdministrativeExpenses":0,
        "sellingAndMarketingExpenses":0,
        "sellingGeneralAndAdministrativeExpenses":988000000,
        "otherExpenses":0,
        "operatingExpenses":1666000000,
        "costAndExpenses":15513000000,
        "netInterestIncome":-661000000,
        "interestIncome":0,
        "interestExpense":661000000,
        "depreciationAndAmortization":534000000,
        "ebitda":-3505000000,
        "ebit":-4039000000,
        "nonOperatingIncomeExcludingInterest":3319000000,
        "operatingIncome":-720000000,
        "totalOtherIncomeExpensesNet":-3980000000,
        "incomeBeforeTax":-4700000000,
        "incomeTaxExpense":-536000000,
        "netIncomeFromContinuingOperations":-4164000000,
        "netIncomeFromDiscontinuedOperations":0,
        "otherAdjustmentsToNetIncome":0,
        "netIncome":-4143000000,
        "netIncomeDeductions":0,
        "bottomLineNetIncome":-4143000000,
        "eps":-7.02,
        "epsDiluted":-7.02,
        "weightedAverageShsOut":590170940,
        "weightedAverageShsOutDil":590300000,
        "symbol_1":"BA",
        "reportedCurrency_1":"USD",
        "cik_1":"0000012927",
        "filingDate_1":"2022-01-31",
        "acceptedDate_1":"2022-01-31 10:33:32",
        "fiscalYear_1":"2021",
        "period_1":"Q4",
        "netIncome_1":-4164000000,
        "depreciationAndAmortization_1":534000000,
        "deferredIncomeTax":3492000000,
        "stockBasedCompensation":156000000,
        "changeInWorkingCapital":-29000000,
        "accountsReceivables":-433000000,
        "inventory":-1635000000,
        "accountsPayables":-218000000,
        "otherWorkingCapital":2257000000,
        "otherNonCashItems":727000000,
        "netCashProvidedByOperatingActivities":716000000,
        "investmentsInPropertyPlantAndEquipment":-222000000,
        "acquisitionsNet":144000000,
        "purchasesOfInvestments":-7811000000,
        "salesMaturitiesOfInvestments":9825000000,
        "otherInvestingActivities":-1000000,
        "netCashProvidedByInvestingActivities":1935000000,
        "netDebtIssuance":-4349000000,
        "longTermNetDebtIssuance":-4349000000,
        "shortTermNetDebtIssuance":0,
        "netStockIssuance":6000000,
        "netCommonStockIssuance":6000000,
        "commonStockIssuance":6000000,
        "commonStockRepurchased":0,
        "netPreferredStockIssuance":0,
        "netDividendsPaid":0,
        "commonDividendsPaid":0,
        "preferredDividendsPaid":0,
        "otherFinancingActivities":-19000000,
        "netCashProvidedByFinancingActivities":-4362000000,
        "effectOfForexChangesOnCash":-5000000,
        "netChangeInCash":-1712000000,
        "cashAtEndOfPeriod":8052000000,
        "cashAtBeginningOfPeriod":9764000000,
        "operatingCashFlow":716000000,
        "capitalExpenditure":-222000000,
        "freeCashFlow":494000000,
        "incomeTaxesPaid":0,
        "interestPaid":0,
        "symbol_2":"BA",
        "stockPrice":201.32,
        "numberOfShares":590170940,
        "marketCapitalization":118813213640,
        "minusCashAndCashEquivalents":8052000000,
        "addTotalDebt":58370000000,
        "enterpriseValue":169131213640,
        "revenue_qoq":-3.17449928,
        "revenue_yoy":-3.3453119895,
        "netIncome_qoq":3700.9174311927,
        "netIncome_yoy":-50.7957244656,
        "operatingCashFlow_qoq":-373.2824427481,
        "operatingCashFlow_yoy":-117.8598154153,
        "eps_qoq":3594.7368421053,
        "eps_yoy":-52.0819112628
    },
    {
        "date":"2021-09-30",
        "symbol":"BA",
        "reportedCurrency":"USD",
        "cik":"0000012927",
        "filingDate":"2021-10-27",
        "acceptedDate":"2021-10-27 13:33:36",
        "fiscalYear":"2021",
        "period":"Q3",
        "revenue":15278000000,
        "costOfRevenue":13571000000,
        "grossProfit":1707000000,
        "researchAndDevelopmentExpenses":575000000,
        "generalAndAdministrativeExpenses":0,
        "sellingAndMarketingExpenses":0,
        "sellingGeneralAndAdministrativeExpenses":1098000000,
        "otherExpenses":0,
        "operatingExpenses":1673000000,
        "costAndExpenses":15244000000,
        "netInterestIncome":-669000000,
        "interestIncome":0,
        "interestExpense":669000000,
        "depreciationAndAmortization":523000000,
        "ebitda":882000000,
        "ebit":359000000,
        "nonOperatingIncomeExcludingInterest":-325000000,
        "operatingIncome":34000000,
        "totalOtherIncomeExpensesNet":-344000000,
        "incomeBeforeTax":-310000000,
        "incomeTaxExpense":-178000000,
        "netIncomeFromContinuingOperations":-132000000,
        "netIncomeFromDiscontinuedOperations":0,
        "otherAdjustmentsToNetIncome":0,
        "netIncome":-109000000,
        "netIncomeDeductions":0,
        "bottomLineNetIncome":-109000000,
        "eps":-0.19,
        "epsDiluted":-0.19,
        "weightedAverageShsOut":588600000,
        "weightedAverageShsOutDil":588600000,
        "symbol_1":"BA",
        "reportedCurrency_1":"USD",
        "cik_1":"0000012927",
        "filingDate_1":"2021-10-27",
        "acceptedDate_1":"2021-10-27 13:33:36",
        "fiscalYear_1":"2021",
        "period_1":"Q3",
        "netIncome_1":-132000000,
        "depreciationAndAmortization_1":523000000,
        "deferredIncomeTax":-135000000,
        "stockBasedCompensation":184000000,
        "changeInWorkingCapital":-942000000,
        "accountsReceivables":243000000,
        "inventory":95000000,
        "accountsPayables":-1530000000,
        "otherWorkingCapital":250000000,
        "otherNonCashItems":240000000,
        "netCashProvidedByOperatingActivities":-262000000,
        "investmentsInPropertyPlantAndEquipment":-245000000,
        "acquisitionsNet":328000000,
        "purchasesOfInvestments":-7794000000,
        "salesMaturitiesOfInvestments":10675000000,
        "otherInvestingActivities":2000000,
        "netCashProvidedByInvestingActivities":2966000000,
        "netDebtIssuance":-1171000000,
        "longTermNetDebtIssuance":-1171000000,
        "shortTermNetDebtIssuance":0,
        "netStockIssuance":7000000,
        "netCommonStockIssuance":7000000,
        "commonStockIssuance":7000000,
        "commonStockRepurchased":0,
        "netPreferredStockIssuance":0,
        "netDividendsPaid":0,
        "commonDividendsPaid":0,
        "preferredDividendsPaid":0,
        "otherFinancingActivities":-7000000,
        "netCashProvidedByFinancingActivities":-1171000000,
        "effectOfForexChangesOnCash":-20000000,
        "netChangeInCash":1513000000,
        "cashAtEndOfPeriod":9764000000,
        "cashAtBeginningOfPeriod":8271000000,
        "operatingCashFlow":-262000000,
        "capitalExpenditure":-245000000,
        "freeCashFlow":-507000000,
        "incomeTaxesPaid":0,
        "interestPaid":0,
        "symbol_2":"BA",
        "stockPrice":219.94,
        "numberOfShares":588600000,
        "marketCapitalization":129456684000,
        "minusCashAndCashEquivalents":9764000000,
        "addTotalDebt":62419000000,
        "enterpriseValue":182111684000,
        "revenue_qoq":-10.1188375103,
        "revenue_yoy":null,
        "netIncome_qoq":-118.5689948893,
        "netIncome_yoy":null,
        "operatingCashFlow_qoq":-45.7556935818,
        "operatingCashFlow_yoy":null,
        "eps_qoq":-119.0,
        "eps_yoy":null
    },
    {
        "date":"2021-06-30",
        "symbol":"BA",
        "reportedCurrency":"USD",
        "cik":"0000012927",
        "filingDate":"2021-07-28",
        "acceptedDate":"2021-07-28 13:03:50",
        "fiscalYear":"2021",
        "period":"Q2",
        "revenue":16998000000,
        "costOfRevenue":14581000000,
        "grossProfit":2417000000,
        "researchAndDevelopmentExpenses":497000000,
        "generalAndAdministrativeExpenses":0,
        "sellingAndMarketingExpenses":0,
        "sellingGeneralAndAdministrativeExpenses":1047000000,
        "otherExpenses":0,
        "operatingExpenses":1544000000,
        "costAndExpenses":16125000000,
        "netInterestIncome":-673000000,
        "interestIncome":0,
        "interestExpense":673000000,
        "depreciationAndAmortization":551000000,
        "ebitda":1773000000,
        "ebit":1222000000,
        "nonOperatingIncomeExcludingInterest":-349000000,
        "operatingIncome":873000000,
        "totalOtherIncomeExpensesNet":-324000000,
        "incomeBeforeTax":549000000,
        "incomeTaxExpense":-18000000,
        "netIncomeFromContinuingOperations":567000000,
        "netIncomeFromDiscontinuedOperations":0,
        "otherAdjustmentsToNetIncome":0,
        "netIncome":587000000,
        "netIncomeDeductions":0,
        "bottomLineNetIncome":587000000,
        "eps":1.0,
        "epsDiluted":1.0,
        "weightedAverageShsOut":590200000,
        "weightedAverageShsOutDil":590200000,
        "symbol_1":"BA",
        "reportedCurrency_1":"USD",
        "cik_1":"0000012927",
        "filingDate_1":"2021-07-28",
        "acceptedDate_1":"2021-07-28 13:03:50",
        "fiscalYear_1":"2021",
        "period_1":"Q2",
        "netIncome_1":567000000,
        "depreciationAndAmortization_1":551000000,
        "deferredIncomeTax":-90000000,
        "stockBasedCompensation":172000000,
        "changeInWorkingCapital":-1968000000,
        "accountsReceivables":-129000000,
        "inventory":1093000000,
        "accountsPayables":-1216000000,
        "otherWorkingCapital":-1716000000,
        "otherNonCashItems":285000000,
        "netCashProvidedByOperatingActivities":-483000000,
        "investmentsInPropertyPlantAndEquipment":-222000000,
        "acquisitionsNet":49000000,
        "purchasesOfInvestments":-10420000000,
        "salesMaturitiesOfInvestments":12251000000,
        "otherInvestingActivities":1000000,
        "netCashProvidedByInvestingActivities":1659000000,
        "netDebtIssuance":-23000000,
        "longTermNetDebtIssuance":-23000000,
        "shortTermNetDebtIssuance":0,
        "netStockIssuance":6000000,
        "netCommonStockIssuance":6000000,
        "commonStockIssuance":6000000,
        "commonStockRepurchased":0,
        "netPreferredStockIssuance":0,
        "netDividendsPaid":0,
        "commonDividendsPaid":0,
        "preferredDividendsPaid":0,
        "otherFinancingActivities":-2000000,
        "netCashProvidedByFinancingActivities":-19000000,
        "effectOfForexChangesOnCash":55000000,
        "netChangeInCash":1212000000,
        "cashAtEndOfPeriod":8271000000,
        "cashAtBeginningOfPeriod":7059000000,
        "operatingCashFlow":-483000000,
        "capitalExpenditure":-222000000,
        "freeCashFlow":-705000000,
        "incomeTaxesPaid":0,
        "interestPaid":0,
        "symbol_2":"BA",
        "stockPrice":239.56,
        "numberOfShares":590200000,
        "marketCapitalization":141388312000,
        "minusCashAndCashEquivalents":8271000000,
        "addTotalDebt":63559000000,
        "enterpriseValue":196676312000,
        "revenue_qoq":11.7040152461,
        "revenue_yoy":null,
        "netIncome_qoq":-209.3109869646,
        "netIncome_yoy":null,
        "operatingCashFlow_qoq":-85.7395925598,
        "operatingCashFlow_yoy":null,
        "eps_qoq":-208.6956521739,
        "eps_yoy":null
    },
    {
        "date":"2021-03-31",
        "symbol":"BA",
        "reportedCurrency":"USD",
        "cik":"0000012927",
        "filingDate":"2021-04-28",
        "acceptedDate":"2021-04-28 12:51:04",
        "fiscalYear":"2021",
        "period":"Q1",
        "revenue":15217000000,
        "costOfRevenue":13805000000,
        "grossProfit":1412000000,
        "researchAndDevelopmentExpenses":499000000,
        "generalAndAdministrativeExpenses":0,
        "sellingAndMarketingExpenses":0,
        "sellingGeneralAndAdministrativeExpenses":1037000000,
        "otherExpenses":0,
        "operatingExpenses":1536000000,
        "costAndExpenses":15341000000,
        "netInterestIncome":-679000000,
        "interestIncome":0,
        "interestExpense":679000000,
        "depreciationAndAmortization":536000000,
        "ebitda":643000000,
        "ebit":107000000,
        "nonOperatingIncomeExcludingInterest":-231000000,
        "operatingIncome":-124000000,
        "totalOtherIncomeExpensesNet":-448000000,
        "incomeBeforeTax":-572000000,
        "incomeTaxExpense":-11000000,
        "netIncomeFromContinuingOperations":-561000000,
        "netIncomeFromDiscontinuedOperations":0,
        "otherAdjustmentsToNetIncome":0,
        "netIncome":-537000000,
        "netIncomeDeductions":0,
        "bottomLineNetIncome":-537000000,
        "eps":-0.92,
        "epsDiluted":-0.92,
        "weightedAverageShsOut":585000000,
        "weightedAverageShsOutDil":585000000,
        "symbol_1":"BA",
        "reportedCurrency_1":"USD",
        "cik_1":"0000012927",
        "filingDate_1":"2021-04-28",
        "acceptedDate_1":"2021-04-28 12:51:04",
        "fiscalYear_1":"2021",
        "period_1":"Q1",
        "netIncome_1":-561000000,
        "depreciationAndAmortization_1":536000000,
        "deferredIncomeTax":14000000,
        "stockBasedCompensation":321000000,
        "changeInWorkingCapital":-4038000000,
        "accountsReceivables":-394000000,
        "inventory":-680000000,
        "accountsPayables":-819000000,
        "otherWorkingCapital":-2145000000,
        "otherNonCashItems":341000000,
        "netCashProvidedByOperatingActivities":-3387000000,
        "investmentsInPropertyPlantAndEquipment":-291000000,
        "acquisitionsNet":2000000,
        "purchasesOfInvestments":-9688000000,
        "salesMaturitiesOfInvestments":12738000000,
        "otherInvestingActivities":3000000,
        "netCashProvidedByInvestingActivities":2764000000,
        "netDebtIssuance":-33000000,
        "longTermNetDebtIssuance":-33000000,
        "shortTermNetDebtIssuance":0,
        "netStockIssuance":-38000000,
        "netCommonStockIssuance":-38000000,
        "commonStockIssuance":0,
        "commonStockRepurchased":-38000000,
        "netPreferredStockIssuance":0,
        "netDividendsPaid":0,
        "commonDividendsPaid":0,
        "preferredDividendsPaid":0,
        "otherFinancingActivities":23000000,
        "netCashProvidedByFinancingActivities":-48000000,
        "effectOfForexChangesOnCash":-22000000,
        "netChangeInCash":-693000000,
        "cashAtEndOfPeriod":7059000000,
        "cashAtBeginningOfPeriod":7752000000,
        "operatingCashFlow":-3387000000,
        "capitalExpenditure":-291000000,
        "freeCashFlow":-3678000000,
        "incomeTaxesPaid":0,
        "interestPaid":0,
        "symbol_2":"BA",
        "stockPrice":254.72,
        "numberOfShares":585000000,
        "marketCapitalization":149011200000,
        "minusCashAndCashEquivalents":7059000000,
        "addTotalDebt":63575000000,
        "enterpriseValue":205527200000,
        "revenue_qoq":-0.5749754982,
        "revenue_yoy":null,
        "netIncome_qoq":-93.622327791,
        "netIncome_yoy":null,
        "operatingCashFlow_qoq":-15.5150910451,
        "operatingCashFlow_yoy":null,
        "eps_qoq":-93.7201365188,
        "eps_yoy":null
    },
    {
        "date":"2020-12-31",
        "symbol":"BA",
        "reportedCurrency":"USD",
        "cik":"0000012927",
        "filingDate":"2021-02-01",
        "acceptedDate":"2021-02-01 14:20:17",
        "fiscalYear":"2020",
        "period":"Q4",
        "revenue":15305000000,
        "costOfRevenue":14468000000,
        "grossProfit":837000000,
        "researchAndDevelopmentExpenses":605000000,
        "generalAndAdministrativeExpenses":0,
        "sellingAndMarketingExpenses":0,
        "sellingGeneralAndAdministrativeExpenses":1815000000,
        "otherExpenses":0,
        "operatingExpenses":2420000000,
        "costAndExpenses":16888000000,
        "netInterestIncome":-698000000,
        "interestIncome":0,
        "interestExpense":698000000,
        "depreciationAndAmortization":578000000,
        "ebitda":-7349000000,
        "ebit":-7927000000,
        "nonOperatingIncomeExcludingInterest":6344000000,
        "operatingIncome":-1583000000,
        "totalOtherIncomeExpensesNet":-7042000000,
        "incomeBeforeTax":-8625000000,
        "incomeTaxExpense":-186000000,
        "netIncomeFromContinuingOperations":-8439000000,
        "netIncomeFromDiscontinuedOperations":0,
        "otherAdjustmentsToNetIncome":0,
        "netIncome":-8420000000,
        "netIncomeDeductions":0,
        "bottomLineNetIncome":-8420000000,
        "eps":-14.65,
        "epsDiluted":-14.65,
        "weightedAverageShsOut":574744027,
        "weightedAverageShsOutDil":575400000,
        "symbol_1":"BA",
        "reportedCurrency_1":"USD",
        "cik_1":"0000012927",
        "filingDate_1":"2021-02-01",
        "acceptedDate_1":"2021-02-01 14:20:17",
        "fiscalYear_1":"2020",
        "period_1":"Q4",
        "netIncome_1":-8439000000,
        "depreciationAndAmortization_1":578000000,
        "deferredIncomeTax":6584000000,
        "stockBasedCompensation":85000000,
        "changeInWorkingCapital":-3562000000,
        "accountsReceivables":784000000,
        "inventory":-1349000000,
        "accountsPayables":-2060000000,
        "otherWorkingCapital":-937000000,
        "otherNonCashItems":745000000,
        "netCashProvidedByOperatingActivities":-4009000000,
        "investmentsInPropertyPlantAndEquipment":-265000000,
        "acquisitionsNet":21000000,
        "purchasesOfInvestments":-11770000000,
        "salesMaturitiesOfInvestments":10503000000,
        "otherInvestingActivities":-32000000,
        "netCashProvidedByInvestingActivities":-1543000000,
        "netDebtIssuance":2680000000,
        "longTermNetDebtIssuance":2680000000,
        "shortTermNetDebtIssuance":0,
        "netStockIssuance":5000000,
        "netCommonStockIssuance":5000000,
        "commonStockIssuance":5000000,
        "commonStockRepurchased":0,
        "netPreferredStockIssuance":0,
        "netDividendsPaid":0,
        "commonDividendsPaid":0,
        "preferredDividendsPaid":0,
        "otherFinancingActivities":-4000000,
        "netCashProvidedByFinancingActivities":2681000000,
        "effectOfForexChangesOnCash":59000000,
        "netChangeInCash":-2812000000,
        "cashAtEndOfPeriod":7752000000,
        "cashAtBeginningOfPeriod":10564000000,
        "operatingCashFlow":-4009000000,
        "capitalExpenditure":-265000000,
        "freeCashFlow":-4274000000,
        "incomeTaxesPaid":0,
        "interestPaid":0,
        "symbol_2":"BA",
        "stockPrice":214.06,
        "numberOfShares":574744027,
        "marketCapitalization":123029706419,
        "minusCashAndCashEquivalents":7752000000,
        "addTotalDebt":63851000000,
        "enterpriseValue":179128706419,
        "revenue_qoq":null,
        "revenue_yoy":null,
        "netIncome_qoq":null,
        "netIncome_yoy":null,
        "operatingCashFlow_qoq":null,
        "operatingCashFlow_yoy":null,
        "eps_qoq":null,
        "eps_yoy":null
    }
]