[
    {
        "date":"2025-09-30",
        "symbol":"HOOD",
        "reportedCurrency":"USD",
        "cik":"0001783879",
        "filingDate":"2025-11-06",
        "acceptedDate":"2025-11-05 17:36:15",
        "fiscalYear":"2025",
        "period":"Q3",
        "revenue":1274000000,
        "costOfRevenue":293000000,
        "grossProfit":981000000,
        "researchAndDevelopmentExpenses":237000000,
        "generalAndAdministrativeExpenses":185000000,
        "sellingAndMarketingExpenses":102000000,
        "sellingGeneralAndAdministrativeExpenses":287000000,
        "otherExpenses":-178000000,
        "operatingExpenses":346000000,
        "costAndExpenses":639000000,
        "netInterestIncome":0,
        "interestIncome":0,
        "interestExpense":0,
        "depreciationAndAmortization":22000000,
        "ebitda":657000000,
        "ebit":635000000,
        "nonOperatingIncomeExcludingInterest":0,
        "operatingIncome":635000000,
        "totalOtherIncomeExpensesNet":-1000000,
        "incomeBeforeTax":634000000,
        "incomeTaxExpense":78000000,
        "netIncomeFromContinuingOperations":556000000,
        "netIncomeFromDiscontinuedOperations":0,
        "otherAdjustmentsToNetIncome":0,
        "netIncome":556000000,
        "netIncomeDeductions":0,
        "bottomLineNetIncome":556000000,
        "eps":0.63,
        "epsDiluted":0.61,
        "weightedAverageShsOut":889261220,
        "weightedAverageShsOutDil":917940660,
        "symbol_1":"HOOD",
        "reportedCurrency_1":"USD",
        "cik_1":"0001783879",
        "filingDate_1":"2025-11-06",
        "acceptedDate_1":"2025-11-05 17:36:15",
        "fiscalYear_1":"2025",
        "period_1":"Q3",
        "netIncome_1":556000000,
        "depreciationAndAmortization_1":22000000,
        "deferredIncomeTax":0,
        "stockBasedCompensation":78000000,
        "changeInWorkingCapital":-2263000000,
        "accountsReceivables":-5055000000,
        "inventory":0,
        "accountsPayables":37000000,
        "otherWorkingCapital":2755000000,
        "otherNonCashItems":31000000,
        "netCashProvidedByOperatingActivities":-1576000000,
        "investmentsInPropertyPlantAndEquipment":-3000000,
        "acquisitionsNet":0,
        "purchasesOfInvestments":0,
        "salesMaturitiesOfInvestments":81000000,
        "otherInvestingActivities":-220000000,
        "netCashProvidedByInvestingActivities":-142000000,
        "netDebtIssuance":141000000,
        "longTermNetDebtIssuance":141000000,
        "shortTermNetDebtIssuance":0,
        "netStockIssuance":-107000000,
        "netCommonStockIssuance":-107000000,
        "commonStockIssuance":0,
        "commonStockRepurchased":-107000000,
        "netPreferredStockIssuance":0,
        "netDividendsPaid":0,
        "commonDividendsPaid":0,
        "preferredDividendsPaid":0,
        "otherFinancingActivities":-39000000,
        "netCashProvidedByFinancingActivities":-5000000,
        "effectOfForexChangesOnCash":0,
        "netChangeInCash":-1723000000,
        "cashAtEndOfPeriod":11269000000,
        "cashAtBeginningOfPeriod":12992000000,
        "operatingCashFlow":-1576000000,
        "capitalExpenditure":-12000000,
        "freeCashFlow":-1588000000,
        "incomeTaxesPaid":1000000,
        "interestPaid":8000000,
        "symbol_2":"HOOD",
        "stockPrice":143.18,
        "numberOfShares":889261220,
        "marketCapitalization":127324421479,
        "minusCashAndCashEquivalents":4331000000,
        "addTotalDebt":19284000000,
        "enterpriseValue":142277421479,
        "revenue_qoq":28.8169868554,
        "revenue_yoy":100.0,
        "netIncome_qoq":44.0414507772,
        "netIncome_yoy":270.6666666667,
        "operatingCashFlow_qoq":-144.9130806498,
        "operatingCashFlow_yoy":-186.9757174393,
        "eps_qoq":43.1818181818,
        "eps_yoy":271.2433706541
    },
    {
        "date":"2025-06-30",
        "symbol":"HOOD",
        "reportedCurrency":"USD",
        "cik":"0001783879",
        "filingDate":"2025-07-31",
        "acceptedDate":"2025-07-30 17:38:16",
        "fiscalYear":"2025",
        "period":"Q2",
        "revenue":989000000,
        "costOfRevenue":77000000,
        "grossProfit":912000000,
        "researchAndDevelopmentExpenses":214000000,
        "generalAndAdministrativeExpenses":132000000,
        "sellingAndMarketingExpenses":99000000,
        "sellingGeneralAndAdministrativeExpenses":231000000,
        "otherExpenses":28000000,
        "operatingExpenses":473000000,
        "costAndExpenses":550000000,
        "netInterestIncome":0,
        "interestIncome":0,
        "interestExpense":0,
        "depreciationAndAmortization":15000000,
        "ebitda":457000000,
        "ebit":442000000,
        "nonOperatingIncomeExcludingInterest":-2000000,
        "operatingIncome":440000000,
        "totalOtherIncomeExpensesNet":2000000,
        "incomeBeforeTax":442000000,
        "incomeTaxExpense":56000000,
        "netIncomeFromContinuingOperations":386000000,
        "netIncomeFromDiscontinuedOperations":0,
        "otherAdjustmentsToNetIncome":0,
        "netIncome":386000000,
        "netIncomeDeductions":0,
        "bottomLineNetIncome":386000000,
        "eps":0.44,
        "epsDiluted":0.42,
        "weightedAverageShsOut":882149402,
        "weightedAverageShsOutDil":909127658,
        "symbol_1":"HOOD",
        "reportedCurrency_1":"USD",
        "cik_1":"0001783879",
        "filingDate_1":"2025-07-31",
        "acceptedDate_1":"2025-07-30 17:38:16",
        "fiscalYear_1":"2025",
        "period_1":"Q2",
        "netIncome_1":386000000,
        "depreciationAndAmortization_1":21000000,
        "deferredIncomeTax":0,
        "stockBasedCompensation":78000000,
        "changeInWorkingCapital":2992000000,
        "accountsReceivables":-2528000000,
        "inventory":0,
        "accountsPayables":12000000,
        "otherWorkingCapital":5508000000,
        "otherNonCashItems":32000000,
        "netCashProvidedByOperatingActivities":3509000000,
        "investmentsInPropertyPlantAndEquipment":-8000000,
        "acquisitionsNet":944000000,
        "purchasesOfInvestments":0,
        "salesMaturitiesOfInvestments":58000000,
        "otherInvestingActivities":-162000000,
        "netCashProvidedByInvestingActivities":832000000,
        "netDebtIssuance":80000000,
        "longTermNetDebtIssuance":80000000,
        "shortTermNetDebtIssuance":0,
        "netStockIssuance":-124000000,
        "netCommonStockIssuance":-124000000,
        "commonStockIssuance":0,
        "commonStockRepurchased":-124000000,
        "netPreferredStockIssuance":0,
        "netDividendsPaid":0,
        "commonDividendsPaid":0,
        "preferredDividendsPaid":0,
        "otherFinancingActivities":-242000000,
        "netCashProvidedByFinancingActivities":-286000000,
        "effectOfForexChangesOnCash":7000000,
        "netChangeInCash":4062000000,
        "cashAtEndOfPeriod":12992000000,
        "cashAtBeginningOfPeriod":8930000000,
        "operatingCashFlow":3509000000,
        "capitalExpenditure":-18000000,
        "freeCashFlow":3491000000,
        "incomeTaxesPaid":53000000,
        "interestPaid":3000000,
        "symbol_2":"HOOD",
        "stockPrice":93.63,
        "numberOfShares":882149402,
        "marketCapitalization":82595648509,
        "minusCashAndCashEquivalents":4162000000,
        "addTotalDebt":12640000000,
        "enterpriseValue":91073648509,
        "revenue_qoq":6.6882416397,
        "revenue_yoy":45.0146627566,
        "netIncome_qoq":14.880952381,
        "netIncome_yoy":105.3191489362,
        "operatingCashFlow_qoq":446.5732087227,
        "operatingCashFlow_yoy":6398.1481481481,
        "eps_qoq":15.7894736842,
        "eps_yoy":106.1855670103
    },
    {
        "date":"2025-03-31",
        "symbol":"HOOD",
        "reportedCurrency":"USD",
        "cik":"0001783879",
        "filingDate":"2025-05-01",
        "acceptedDate":"2025-04-30 17:37:21",
        "fiscalYear":"2025",
        "period":"Q1",
        "revenue":927000000,
        "costOfRevenue":134000000,
        "grossProfit":793000000,
        "researchAndDevelopmentExpenses":214000000,
        "generalAndAdministrativeExpenses":78000000,
        "sellingAndMarketingExpenses":94000000,
        "sellingGeneralAndAdministrativeExpenses":172000000,
        "otherExpenses":35000000,
        "operatingExpenses":421000000,
        "costAndExpenses":555000000,
        "netInterestIncome":0,
        "interestIncome":0,
        "interestExpense":0,
        "depreciationAndAmortization":20000000,
        "ebitda":392000000,
        "ebit":372000000,
        "nonOperatingIncomeExcludingInterest":0,
        "operatingIncome":372000000,
        "totalOtherIncomeExpensesNet":-1000000,
        "incomeBeforeTax":371000000,
        "incomeTaxExpense":35000000,
        "netIncomeFromContinuingOperations":336000000,
        "netIncomeFromDiscontinuedOperations":0,
        "otherAdjustmentsToNetIncome":0,
        "netIncome":336000000,
        "netIncomeDeductions":0,
        "bottomLineNetIncome":336000000,
        "eps":0.38,
        "epsDiluted":0.37,
        "weightedAverageShsOut":884577603,
        "weightedAverageShsOutDil":909241619,
        "symbol_1":"HOOD",
        "reportedCurrency_1":"USD",
        "cik_1":"0001783879",
        "filingDate_1":"2025-05-01",
        "acceptedDate_1":"2025-04-30 17:37:21",
        "fiscalYear_1":"2025",
        "period_1":"Q1",
        "netIncome_1":336000000,
        "depreciationAndAmortization_1":20000000,
        "deferredIncomeTax":0,
        "stockBasedCompensation":73000000,
        "changeInWorkingCapital":185000000,
        "accountsReceivables":-1583000000,
        "inventory":0,
        "accountsPayables":-124000000,
        "otherWorkingCapital":1892000000,
        "otherNonCashItems":28000000,
        "netCashProvidedByOperatingActivities":642000000,
        "investmentsInPropertyPlantAndEquipment":-2000000,
        "acquisitionsNet":-150000000,
        "purchasesOfInvestments":0,
        "salesMaturitiesOfInvestments":208000000,
        "otherInvestingActivities":-47000000,
        "netCashProvidedByInvestingActivities":9000000,
        "netDebtIssuance":24000000,
        "longTermNetDebtIssuance":24000000,
        "shortTermNetDebtIssuance":0,
        "netStockIssuance":-322000000,
        "netCommonStockIssuance":-322000000,
        "commonStockIssuance":0,
        "commonStockRepurchased":-322000000,
        "netPreferredStockIssuance":0,
        "netDividendsPaid":0,
        "commonDividendsPaid":0,
        "preferredDividendsPaid":0,
        "otherFinancingActivities":-119000000,
        "netCashProvidedByFinancingActivities":-417000000,
        "effectOfForexChangesOnCash":1000000,
        "netChangeInCash":235000000,
        "cashAtEndOfPeriod":8930000000,
        "cashAtBeginningOfPeriod":8695000000,
        "operatingCashFlow":642000000,
        "capitalExpenditure":-11000000,
        "freeCashFlow":631000000,
        "incomeTaxesPaid":29000000,
        "interestPaid":9000000,
        "symbol_2":"HOOD",
        "stockPrice":41.62,
        "numberOfShares":884577603,
        "marketCapitalization":36816119836,
        "minusCashAndCashEquivalents":4416000000,
        "addTotalDebt":9098000000,
        "enterpriseValue":41498119836,
        "revenue_qoq":-8.5798816568,
        "revenue_yoy":50.0,
        "netIncome_qoq":-63.3187772926,
        "netIncome_yoy":114.0127388535,
        "operatingCashFlow_qoq":-145.8571428571,
        "operatingCashFlow_yoy":-203.0497592295,
        "eps_qoq":-63.3322951004,
        "eps_yoy":111.8171683389
    },
    {
        "date":"2024-12-31",
        "symbol":"HOOD",
        "reportedCurrency":"USD",
        "cik":"0001783879",
        "filingDate":"2025-02-18",
        "acceptedDate":"2025-02-18 16:07:19",
        "fiscalYear":"2024",
        "period":"Q4",
        "revenue":1014000000,
        "costOfRevenue":144000000,
        "grossProfit":870000000,
        "researchAndDevelopmentExpenses":208000000,
        "generalAndAdministrativeExpenses":5000000,
        "sellingAndMarketingExpenses":71000000,
        "sellingGeneralAndAdministrativeExpenses":76000000,
        "otherExpenses":28000000,
        "operatingExpenses":312000000,
        "costAndExpenses":456000000,
        "netInterestIncome":0,
        "interestIncome":0,
        "interestExpense":0,
        "depreciationAndAmortization":22000000,
        "ebitda":580000000,
        "ebit":558000000,
        "nonOperatingIncomeExcludingInterest":0,
        "operatingIncome":558000000,
        "totalOtherIncomeExpensesNet":0,
        "incomeBeforeTax":558000000,
        "incomeTaxExpense":-358000000,
        "netIncomeFromContinuingOperations":916000000,
        "netIncomeFromDiscontinuedOperations":0,
        "otherAdjustmentsToNetIncome":0,
        "netIncome":916000000,
        "netIncomeDeductions":0,
        "bottomLineNetIncome":916000000,
        "eps":1.0363342921,
        "epsDiluted":1.0090686231,
        "weightedAverageShsOut":883884676,
        "weightedAverageShsOutDil":907767796,
        "symbol_1":"HOOD",
        "reportedCurrency_1":"USD",
        "cik_1":"0001783879",
        "filingDate_1":"2025-02-18",
        "acceptedDate_1":"2025-02-18 16:07:19",
        "fiscalYear_1":"2024",
        "period_1":"Q4",
        "netIncome_1":916000000,
        "depreciationAndAmortization_1":22000000,
        "deferredIncomeTax":0,
        "stockBasedCompensation":77000000,
        "changeInWorkingCapital":-355000000,
        "accountsReceivables":0,
        "inventory":0,
        "accountsPayables":-63000000,
        "otherWorkingCapital":-292000000,
        "otherNonCashItems":-2060000000,
        "netCashProvidedByOperatingActivities":-1400000000,
        "investmentsInPropertyPlantAndEquipment":-4000000,
        "acquisitionsNet":0,
        "purchasesOfInvestments":-87000000,
        "salesMaturitiesOfInvestments":0,
        "otherInvestingActivities":125000000,
        "netCashProvidedByInvestingActivities":34000000,
        "netDebtIssuance":37000000,
        "longTermNetDebtIssuance":37000000,
        "shortTermNetDebtIssuance":0,
        "netStockIssuance":-160000000,
        "netCommonStockIssuance":-160000000,
        "commonStockIssuance":0,
        "commonStockRepurchased":-160000000,
        "netPreferredStockIssuance":0,
        "netDividendsPaid":0,
        "commonDividendsPaid":0,
        "preferredDividendsPaid":0,
        "otherFinancingActivities":-55000000,
        "netCashProvidedByFinancingActivities":-178000000,
        "effectOfForexChangesOnCash":-2000000,
        "netChangeInCash":-1546000000,
        "cashAtEndOfPeriod":8695000000,
        "cashAtBeginningOfPeriod":10241000000,
        "operatingCashFlow":-1400000000,
        "capitalExpenditure":-15000000,
        "freeCashFlow":-1415000000,
        "incomeTaxesPaid":4000000,
        "interestPaid":0,
        "symbol_2":"HOOD",
        "stockPrice":37.26,
        "numberOfShares":883884676,
        "marketCapitalization":32933543027,
        "minusCashAndCashEquivalents":4332000000,
        "addTotalDebt":7463000000,
        "enterpriseValue":36064543027,
        "revenue_qoq":59.1836734694,
        "revenue_yoy":115.2866242038,
        "netIncome_qoq":510.6666666667,
        "netIncome_yoy":2953.3333333333,
        "operatingCashFlow_qoq":-177.2626931567,
        "operatingCashFlow_yoy":-245.8333333333,
        "eps_qoq":510.6860884499,
        "eps_yoy":2895.1858153163
    },
    {
        "date":"2024-09-30",
        "symbol":"HOOD",
        "reportedCurrency":"USD",
        "cik":"0001783879",
        "filingDate":"2024-10-31",
        "acceptedDate":"2024-10-30 17:36:08",
        "fiscalYear":"2024",
        "period":"Q3",
        "revenue":637000000,
        "costOfRevenue":121000000,
        "grossProfit":516000000,
        "researchAndDevelopmentExpenses":205000000,
        "generalAndAdministrativeExpenses":82000000,
        "sellingAndMarketingExpenses":47000000,
        "sellingGeneralAndAdministrativeExpenses":129000000,
        "otherExpenses":31000000,
        "operatingExpenses":365000000,
        "costAndExpenses":486000000,
        "netInterestIncome":0,
        "interestIncome":0,
        "interestExpense":0,
        "depreciationAndAmortization":20000000,
        "ebitda":171000000,
        "ebit":151000000,
        "nonOperatingIncomeExcludingInterest":0,
        "operatingIncome":151000000,
        "totalOtherIncomeExpensesNet":2000000,
        "incomeBeforeTax":153000000,
        "incomeTaxExpense":3000000,
        "netIncomeFromContinuingOperations":150000000,
        "netIncomeFromDiscontinuedOperations":0,
        "otherAdjustmentsToNetIncome":0,
        "netIncome":150000000,
        "netIncomeDeductions":0,
        "bottomLineNetIncome":150000000,
        "eps":0.1697,
        "epsDiluted":0.1656,
        "weightedAverageShsOut":884108545,
        "weightedAverageShsOutDil":905544750,
        "symbol_1":"HOOD",
        "reportedCurrency_1":"USD",
        "cik_1":"0001783879",
        "filingDate_1":"2024-10-31",
        "acceptedDate_1":"2024-10-30 17:36:08",
        "fiscalYear_1":"2024",
        "period_1":"Q3",
        "netIncome_1":150000000,
        "depreciationAndAmortization_1":20000000,
        "deferredIncomeTax":0,
        "stockBasedCompensation":79000000,
        "changeInWorkingCapital":1485000000,
        "accountsReceivables":10000000,
        "inventory":0,
        "accountsPayables":54000000,
        "otherWorkingCapital":1421000000,
        "otherNonCashItems":78000000,
        "netCashProvidedByOperatingActivities":1812000000,
        "investmentsInPropertyPlantAndEquipment":-7000000,
        "acquisitionsNet":0,
        "purchasesOfInvestments":-167000000,
        "salesMaturitiesOfInvestments":150000000,
        "otherInvestingActivities":-99000000,
        "netCashProvidedByInvestingActivities":-123000000,
        "netDebtIssuance":78000000,
        "longTermNetDebtIssuance":78000000,
        "shortTermNetDebtIssuance":0,
        "netStockIssuance":0,
        "netCommonStockIssuance":0,
        "commonStockIssuance":0,
        "commonStockRepurchased":0,
        "netPreferredStockIssuance":0,
        "netDividendsPaid":0,
        "commonDividendsPaid":0,
        "preferredDividendsPaid":0,
        "otherFinancingActivities":-173000000,
        "netCashProvidedByFinancingActivities":-95000000,
        "effectOfForexChangesOnCash":1000000,
        "netChangeInCash":1595000000,
        "cashAtEndOfPeriod":10241000000,
        "cashAtBeginningOfPeriod":8646000000,
        "operatingCashFlow":1812000000,
        "capitalExpenditure":-19000000,
        "freeCashFlow":1793000000,
        "incomeTaxesPaid":8000000,
        "interestPaid":4000000,
        "symbol_2":"HOOD",
        "stockPrice":23.42,
        "numberOfShares":884108545,
        "marketCapitalization":20705822123,
        "minusCashAndCashEquivalents":4611000000,
        "addTotalDebt":7306000000,
        "enterpriseValue":23400822123,
        "revenue_qoq":-6.5982404692,
        "revenue_yoy":36.4025695931,
        "netIncome_qoq":-20.2127659574,
        "netIncome_yoy":-276.4705882353,
        "operatingCashFlow_qoq":3255.5555555556,
        "operatingCashFlow_yoy":-285.4657113613,
        "eps_qoq":-20.4779756326,
        "eps_yoy":-278.6315789474
    },
    {
        "date":"2024-06-30",
        "symbol":"HOOD",
        "reportedCurrency":"USD",
        "cik":"0001783879",
        "filingDate":"2024-08-08",
        "acceptedDate":"2024-08-07 17:36:17",
        "fiscalYear":"2024",
        "period":"Q2",
        "revenue":682000000,
        "costOfRevenue":123000000,
        "grossProfit":559000000,
        "researchAndDevelopmentExpenses":209000000,
        "generalAndAdministrativeExpenses":79000000,
        "sellingAndMarketingExpenses":55000000,
        "sellingGeneralAndAdministrativeExpenses":134000000,
        "otherExpenses":27000000,
        "operatingExpenses":370000000,
        "costAndExpenses":493000000,
        "netInterestIncome":0,
        "interestIncome":0,
        "interestExpense":0,
        "depreciationAndAmortization":18000000,
        "ebitda":207000000,
        "ebit":189000000,
        "nonOperatingIncomeExcludingInterest":0,
        "operatingIncome":189000000,
        "totalOtherIncomeExpensesNet":2000000,
        "incomeBeforeTax":191000000,
        "incomeTaxExpense":3000000,
        "netIncomeFromContinuingOperations":188000000,
        "netIncomeFromDiscontinuedOperations":0,
        "otherAdjustmentsToNetIncome":0,
        "netIncome":188000000,
        "netIncomeDeductions":0,
        "bottomLineNetIncome":188000000,
        "eps":0.2134,
        "epsDiluted":0.2078,
        "weightedAverageShsOut":881076624,
        "weightedAverageShsOutDil":904490572,
        "symbol_1":"HOOD",
        "reportedCurrency_1":"USD",
        "cik_1":"0001783879",
        "filingDate_1":"2024-08-08",
        "acceptedDate_1":"2024-08-07 17:36:17",
        "fiscalYear_1":"2024",
        "period_1":"Q2",
        "netIncome_1":188000000,
        "depreciationAndAmortization_1":18000000,
        "deferredIncomeTax":0,
        "stockBasedCompensation":86000000,
        "changeInWorkingCapital":-255000000,
        "accountsReceivables":-794000000,
        "inventory":0,
        "accountsPayables":20000000,
        "otherWorkingCapital":519000000,
        "otherNonCashItems":17000000,
        "netCashProvidedByOperatingActivities":54000000,
        "investmentsInPropertyPlantAndEquipment":-7000000,
        "acquisitionsNet":0,
        "purchasesOfInvestments":-131000000,
        "salesMaturitiesOfInvestments":135000000,
        "otherInvestingActivities":-9000000,
        "netCashProvidedByInvestingActivities":-12000000,
        "netDebtIssuance":0,
        "longTermNetDebtIssuance":0,
        "shortTermNetDebtIssuance":0,
        "netStockIssuance":-59000000,
        "netCommonStockIssuance":-59000000,
        "commonStockIssuance":0,
        "commonStockRepurchased":-59000000,
        "netPreferredStockIssuance":0,
        "netDividendsPaid":0,
        "commonDividendsPaid":0,
        "preferredDividendsPaid":0,
        "otherFinancingActivities":17000000,
        "netCashProvidedByFinancingActivities":-42000000,
        "effectOfForexChangesOnCash":0,
        "netChangeInCash":0,
        "cashAtEndOfPeriod":8646000000,
        "cashAtBeginningOfPeriod":8646000000,
        "operatingCashFlow":54000000,
        "capitalExpenditure":-7000000,
        "freeCashFlow":47000000,
        "incomeTaxesPaid":4000000,
        "interestPaid":5000000,
        "symbol_2":"HOOD",
        "stockPrice":22.79,
        "numberOfShares":881076624,
        "marketCapitalization":20079736260,
        "minusCashAndCashEquivalents":4524000000,
        "addTotalDebt":5091000000,
        "enterpriseValue":20646736260,
        "revenue_qoq":10.355987055,
        "revenue_yoy":40.329218107,
        "netIncome_qoq":19.7452229299,
        "netIncome_yoy":652.0,
        "operatingCashFlow_qoq":-108.6677367576,
        "operatingCashFlow_yoy":-85.4054054054,
        "eps_qoq":18.9520624303,
        "eps_yoy":673.1884057971
    },
    {
        "date":"2024-03-31",
        "symbol":"HOOD",
        "reportedCurrency":"USD",
        "cik":"0001783879",
        "filingDate":"2024-05-08",
        "acceptedDate":"2024-05-08 16:11:31",
        "fiscalYear":"2024",
        "period":"Q1",
        "revenue":618000000,
        "costOfRevenue":116000000,
        "grossProfit":502000000,
        "researchAndDevelopmentExpenses":196000000,
        "generalAndAdministrativeExpenses":65000000,
        "sellingAndMarketingExpenses":58000000,
        "sellingGeneralAndAdministrativeExpenses":123000000,
        "otherExpenses":23000000,
        "operatingExpenses":342000000,
        "costAndExpenses":458000000,
        "netInterestIncome":0,
        "interestIncome":0,
        "interestExpense":0,
        "depreciationAndAmortization":17000000,
        "ebitda":177000000,
        "ebit":160000000,
        "nonOperatingIncomeExcludingInterest":0,
        "operatingIncome":160000000,
        "totalOtherIncomeExpensesNet":2000000,
        "incomeBeforeTax":162000000,
        "incomeTaxExpense":5000000,
        "netIncomeFromContinuingOperations":157000000,
        "netIncomeFromDiscontinuedOperations":0,
        "otherAdjustmentsToNetIncome":0,
        "netIncome":157000000,
        "netIncomeDeductions":0,
        "bottomLineNetIncome":157000000,
        "eps":0.1794,
        "epsDiluted":0.1794,
        "weightedAverageShsOut":875319407,
        "weightedAverageShsOutDil":875319407,
        "symbol_1":"HOOD",
        "reportedCurrency_1":"USD",
        "cik_1":"0001783879",
        "filingDate_1":"2024-05-08",
        "acceptedDate_1":"2024-05-08 16:11:31",
        "fiscalYear_1":"2024",
        "period_1":"Q1",
        "netIncome_1":157000000,
        "depreciationAndAmortization_1":17000000,
        "deferredIncomeTax":0,
        "stockBasedCompensation":62000000,
        "changeInWorkingCapital":-875000000,
        "accountsReceivables":-1419000000,
        "inventory":0,
        "accountsPayables":-46000000,
        "otherWorkingCapital":590000000,
        "otherNonCashItems":16000000,
        "netCashProvidedByOperatingActivities":-623000000,
        "investmentsInPropertyPlantAndEquipment":-2000000,
        "acquisitionsNet":0,
        "purchasesOfInvestments":-171000000,
        "salesMaturitiesOfInvestments":154000000,
        "otherInvestingActivities":-28000000,
        "netCashProvidedByInvestingActivities":-47000000,
        "netDebtIssuance":17000000,
        "longTermNetDebtIssuance":0,
        "shortTermNetDebtIssuance":17000000,
        "netStockIssuance":0,
        "netCommonStockIssuance":0,
        "commonStockIssuance":0,
        "commonStockRepurchased":0,
        "netPreferredStockIssuance":0,
        "netDividendsPaid":0,
        "commonDividendsPaid":0,
        "preferredDividendsPaid":0,
        "otherFinancingActivities":-47000000,
        "netCashProvidedByFinancingActivities":-30000000,
        "effectOfForexChangesOnCash":0,
        "netChangeInCash":-700000000,
        "cashAtEndOfPeriod":8646000000,
        "cashAtBeginningOfPeriod":9346000000,
        "operatingCashFlow":-623000000,
        "capitalExpenditure":-9000000,
        "freeCashFlow":-632000000,
        "incomeTaxesPaid":2000000,
        "interestPaid":7000000,
        "symbol_2":"HOOD",
        "stockPrice":19.41,
        "numberOfShares":875319407,
        "marketCapitalization":16989949689,
        "minusCashAndCashEquivalents":4717000000,
        "addTotalDebt":4215000000,
        "enterpriseValue":16487949689,
        "revenue_qoq":31.2101910828,
        "revenue_yoy":40.1360544218,
        "netIncome_qoq":423.3333333333,
        "netIncome_yoy":-130.7240704501,
        "operatingCashFlow_qoq":-164.8958333333,
        "operatingCashFlow_yoy":-175.2415458937,
        "eps_qoq":418.4971098266,
        "eps_yoy":-131.4736842105
    },
    {
        "date":"2023-12-31",
        "symbol":"HOOD",
        "reportedCurrency":"USD",
        "cik":"0001783879",
        "filingDate":"2024-02-27",
        "acceptedDate":"2024-02-27 16:29:14",
        "fiscalYear":"2023",
        "period":"Q4",
        "revenue":471000000,
        "costOfRevenue":103000000,
        "grossProfit":368000000,
        "researchAndDevelopmentExpenses":197000000,
        "generalAndAdministrativeExpenses":84000000,
        "sellingAndMarketingExpenses":35000000,
        "sellingGeneralAndAdministrativeExpenses":119000000,
        "otherExpenses":22000000,
        "operatingExpenses":338000000,
        "costAndExpenses":441000000,
        "netInterestIncome":0,
        "interestIncome":0,
        "interestExpense":0,
        "depreciationAndAmortization":17000000,
        "ebitda":47000000,
        "ebit":30000000,
        "nonOperatingIncomeExcludingInterest":0,
        "operatingIncome":30000000,
        "totalOtherIncomeExpensesNet":-1000000,
        "incomeBeforeTax":29000000,
        "incomeTaxExpense":-1000000,
        "netIncomeFromContinuingOperations":30000000,
        "netIncomeFromDiscontinuedOperations":0,
        "otherAdjustmentsToNetIncome":0,
        "netIncome":30000000,
        "netIncomeDeductions":0,
        "bottomLineNetIncome":30000000,
        "eps":0.0346,
        "epsDiluted":0.034,
        "weightedAverageShsOut":867298537,
        "weightedAverageShsOutDil":883227967,
        "symbol_1":"HOOD",
        "reportedCurrency_1":"USD",
        "cik_1":"0001783879",
        "filingDate_1":"2024-02-27",
        "acceptedDate_1":"2024-02-27 16:29:14",
        "fiscalYear_1":"2023",
        "period_1":"Q4",
        "netIncome_1":30000000,
        "depreciationAndAmortization_1":17000000,
        "deferredIncomeTax":0,
        "stockBasedCompensation":81000000,
        "changeInWorkingCapital":783000000,
        "accountsReceivables":-220000000,
        "inventory":0,
        "accountsPayables":-11000000,
        "otherWorkingCapital":1014000000,
        "otherNonCashItems":49000000,
        "netCashProvidedByOperatingActivities":960000000,
        "investmentsInPropertyPlantAndEquipment":-1000000,
        "acquisitionsNet":-3000000,
        "purchasesOfInvestments":-108000000,
        "salesMaturitiesOfInvestments":115000000,
        "otherInvestingActivities":-6000000,
        "netCashProvidedByInvestingActivities":-3000000,
        "netDebtIssuance":0,
        "longTermNetDebtIssuance":0,
        "shortTermNetDebtIssuance":0,
        "netStockIssuance":0,
        "netCommonStockIssuance":0,
        "commonStockIssuance":0,
        "commonStockRepurchased":0,
        "netPreferredStockIssuance":0,
        "netDividendsPaid":0,
        "commonDividendsPaid":0,
        "preferredDividendsPaid":0,
        "otherFinancingActivities":9000000,
        "netCashProvidedByFinancingActivities":9000000,
        "effectOfForexChangesOnCash":0,
        "netChangeInCash":966000000,
        "cashAtEndOfPeriod":9346000000,
        "cashAtBeginningOfPeriod":8380000000,
        "operatingCashFlow":960000000,
        "capitalExpenditure":-6000000,
        "freeCashFlow":954000000,
        "incomeTaxesPaid":0,
        "interestPaid":0,
        "symbol_2":"HOOD",
        "stockPrice":12.74,
        "numberOfShares":867298537,
        "marketCapitalization":11049383361,
        "minusCashAndCashEquivalents":4835000000,
        "addTotalDebt":3547000000,
        "enterpriseValue":9761383361,
        "revenue_qoq":0.8565310493,
        "revenue_yoy":23.9473684211,
        "netIncome_qoq":-135.2941176471,
        "netIncome_yoy":-118.0722891566,
        "operatingCashFlow_qoq":-198.2599795292,
        "operatingCashFlow_yoy":430.3867403315,
        "eps_qoq":-136.4210526316,
        "eps_yoy":-118.5324049277
    },
    {
        "date":"2023-09-30",
        "symbol":"HOOD",
        "reportedCurrency":"USD",
        "cik":"0001783879",
        "filingDate":"2023-11-07",
        "acceptedDate":"2023-11-07 16:10:57",
        "fiscalYear":"2023",
        "period":"Q3",
        "revenue":467000000,
        "costOfRevenue":90000000,
        "grossProfit":377000000,
        "researchAndDevelopmentExpenses":202000000,
        "generalAndAdministrativeExpenses":182000000,
        "sellingAndMarketingExpenses":22000000,
        "sellingGeneralAndAdministrativeExpenses":204000000,
        "otherExpenses":44000000,
        "operatingExpenses":450000000,
        "costAndExpenses":540000000,
        "netInterestIncome":0,
        "interestIncome":0,
        "interestExpense":0,
        "depreciationAndAmortization":19000000,
        "ebitda":-56000000,
        "ebit":-75000000,
        "nonOperatingIncomeExcludingInterest":2000000,
        "operatingIncome":-73000000,
        "totalOtherIncomeExpensesNet":-2000000,
        "incomeBeforeTax":-75000000,
        "incomeTaxExpense":10000000,
        "netIncomeFromContinuingOperations":-85000000,
        "netIncomeFromDiscontinuedOperations":0,
        "otherAdjustmentsToNetIncome":0,
        "netIncome":-85000000,
        "netIncomeDeductions":0,
        "bottomLineNetIncome":-85000000,
        "eps":-0.095,
        "epsDiluted":-0.095,
        "weightedAverageShsOut":895108790,
        "weightedAverageShsOutDil":895108790,
        "symbol_1":"HOOD",
        "reportedCurrency_1":"USD",
        "cik_1":"0001783879",
        "filingDate_1":"2023-11-07",
        "acceptedDate_1":"2023-11-07 16:10:57",
        "fiscalYear_1":"2023",
        "period_1":"Q3",
        "netIncome_1":-85000000,
        "depreciationAndAmortization_1":19000000,
        "deferredIncomeTax":0,
        "stockBasedCompensation":83000000,
        "changeInWorkingCapital":-981000000,
        "accountsReceivables":-581000000,
        "inventory":0,
        "accountsPayables":94000000,
        "otherWorkingCapital":-494000000,
        "otherNonCashItems":-13000000,
        "netCashProvidedByOperatingActivities":-977000000,
        "investmentsInPropertyPlantAndEquipment":-1000000,
        "acquisitionsNet":-90000000,
        "purchasesOfInvestments":-76000000,
        "salesMaturitiesOfInvestments":75000000,
        "otherInvestingActivities":-5000000,
        "netCashProvidedByInvestingActivities":-97000000,
        "netDebtIssuance":0,
        "longTermNetDebtIssuance":0,
        "shortTermNetDebtIssuance":0,
        "netStockIssuance":0,
        "netCommonStockIssuance":0,
        "commonStockIssuance":0,
        "commonStockRepurchased":0,
        "netPreferredStockIssuance":0,
        "netDividendsPaid":0,
        "commonDividendsPaid":0,
        "preferredDividendsPaid":0,
        "otherFinancingActivities":-615000000,
        "netCashProvidedByFinancingActivities":-615000000,
        "effectOfForexChangesOnCash":0,
        "netChangeInCash":-1689000000,
        "cashAtEndOfPeriod":8380000000,
        "cashAtBeginningOfPeriod":10069000000,
        "operatingCashFlow":-977000000,
        "capitalExpenditure":-6000000,
        "freeCashFlow":-983000000,
        "incomeTaxesPaid":7000000,
        "interestPaid":2000000,
        "symbol_2":"HOOD",
        "stockPrice":9.81,
        "numberOfShares":895108790,
        "marketCapitalization":8781017229,
        "minusCashAndCashEquivalents":4889000000,
        "addTotalDebt":3245000000,
        "enterpriseValue":7137017229,
        "revenue_qoq":-3.9094650206,
        "revenue_yoy":29.3628808864,
        "netIncome_qoq":-440.0,
        "netIncome_yoy":-51.4285714286,
        "operatingCashFlow_qoq":-364.0540540541,
        "operatingCashFlow_yoy":371.9806763285,
        "eps_qoq":-444.2028985507,
        "eps_yoy":-52.092788704
    },
    {
        "date":"2023-06-30",
        "symbol":"HOOD",
        "reportedCurrency":"USD",
        "cik":"0001783879",
        "filingDate":"2023-08-03",
        "acceptedDate":"2023-08-03 16:06:13",
        "fiscalYear":"2023",
        "period":"Q2",
        "revenue":486000000,
        "costOfRevenue":122000000,
        "grossProfit":364000000,
        "researchAndDevelopmentExpenses":207000000,
        "generalAndAdministrativeExpenses":105000000,
        "sellingAndMarketingExpenses":18000000,
        "sellingGeneralAndAdministrativeExpenses":123000000,
        "otherExpenses":14000000,
        "operatingExpenses":344000000,
        "costAndExpenses":466000000,
        "netInterestIncome":0,
        "interestIncome":0,
        "interestExpense":0,
        "depreciationAndAmortization":15000000,
        "ebitda":35000000,
        "ebit":20000000,
        "nonOperatingIncomeExcludingInterest":0,
        "operatingIncome":20000000,
        "totalOtherIncomeExpensesNet":2000000,
        "incomeBeforeTax":22000000,
        "incomeTaxExpense":-3000000,
        "netIncomeFromContinuingOperations":25000000,
        "netIncomeFromDiscontinuedOperations":0,
        "otherAdjustmentsToNetIncome":0,
        "netIncome":25000000,
        "netIncomeDeductions":0,
        "bottomLineNetIncome":25000000,
        "eps":0.0276,
        "epsDiluted":0.0271,
        "weightedAverageShsOut":904984863,
        "weightedAverageShsOutDil":921269749,
        "symbol_1":"HOOD",
        "reportedCurrency_1":"USD",
        "cik_1":"0001783879",
        "filingDate_1":"2023-08-03",
        "acceptedDate_1":"2023-08-03 16:06:13",
        "fiscalYear_1":"2023",
        "period_1":"Q2",
        "netIncome_1":25000000,
        "depreciationAndAmortization_1":15000000,
        "deferredIncomeTax":0,
        "stockBasedCompensation":109000000,
        "changeInWorkingCapital":220000000,
        "accountsReceivables":-289000000,
        "inventory":0,
        "accountsPayables":33000000,
        "otherWorkingCapital":476000000,
        "otherNonCashItems":1000000,
        "netCashProvidedByOperatingActivities":370000000,
        "investmentsInPropertyPlantAndEquipment":-4000000,
        "acquisitionsNet":0,
        "purchasesOfInvestments":0,
        "salesMaturitiesOfInvestments":1000000,
        "otherInvestingActivities":2000000,
        "netCashProvidedByInvestingActivities":-1000000,
        "netDebtIssuance":0,
        "longTermNetDebtIssuance":0,
        "shortTermNetDebtIssuance":0,
        "netStockIssuance":0,
        "netCommonStockIssuance":0,
        "commonStockIssuance":0,
        "commonStockRepurchased":0,
        "netPreferredStockIssuance":0,
        "netDividendsPaid":0,
        "commonDividendsPaid":0,
        "preferredDividendsPaid":0,
        "otherFinancingActivities":7000000,
        "netCashProvidedByFinancingActivities":7000000,
        "effectOfForexChangesOnCash":0,
        "netChangeInCash":376000000,
        "cashAtEndOfPeriod":10069000000,
        "cashAtBeginningOfPeriod":9693000000,
        "operatingCashFlow":370000000,
        "capitalExpenditure":-4000000,
        "freeCashFlow":366000000,
        "incomeTaxesPaid":2000000,
        "interestPaid":3000000,
        "symbol_2":"HOOD",
        "stockPrice":9.98,
        "numberOfShares":904984863,
        "marketCapitalization":9031748932,
        "minusCashAndCashEquivalents":5829000000,
        "addTotalDebt":2982000000,
        "enterpriseValue":6184748932,
        "revenue_qoq":10.2040816327,
        "revenue_yoy":52.8301886792,
        "netIncome_qoq":-104.8923679061,
        "netIncome_yoy":-108.4745762712,
        "operatingCashFlow_qoq":-55.3140096618,
        "operatingCashFlow_yoy":-129.2953285827,
        "eps_qoq":-104.8421052632,
        "eps_yoy":-108.1850533808
    },
    {
        "date":"2023-03-31",
        "symbol":"HOOD",
        "reportedCurrency":"USD",
        "cik":"0001783879",
        "filingDate":"2023-05-10",
        "acceptedDate":"2023-05-10 16:10:50",
        "fiscalYear":"2023",
        "period":"Q1",
        "revenue":441000000,
        "costOfRevenue":114000000,
        "grossProfit":327000000,
        "researchAndDevelopmentExpenses":199000000,
        "generalAndAdministrativeExpenses":590000000,
        "sellingAndMarketingExpenses":20000000,
        "sellingGeneralAndAdministrativeExpenses":610000000,
        "otherExpenses":19000000,
        "operatingExpenses":828000000,
        "costAndExpenses":942000000,
        "netInterestIncome":0,
        "interestIncome":0,
        "interestExpense":0,
        "depreciationAndAmortization":20000000,
        "ebitda":-481000000,
        "ebit":-501000000,
        "nonOperatingIncomeExcludingInterest":0,
        "operatingIncome":-501000000,
        "totalOtherIncomeExpensesNet":-8000000,
        "incomeBeforeTax":-509000000,
        "incomeTaxExpense":2000000,
        "netIncomeFromContinuingOperations":-511000000,
        "netIncomeFromDiscontinuedOperations":0,
        "otherAdjustmentsToNetIncome":0,
        "netIncome":-511000000,
        "netIncomeDeductions":0,
        "bottomLineNetIncome":-511000000,
        "eps":-0.57,
        "epsDiluted":-0.57,
        "weightedAverageShsOut":896492800,
        "weightedAverageShsOutDil":896924695,
        "symbol_1":"HOOD",
        "reportedCurrency_1":"USD",
        "cik_1":"0001783879",
        "filingDate_1":"2023-05-10",
        "acceptedDate_1":"2023-05-10 16:10:50",
        "fiscalYear_1":"2023",
        "period_1":"Q1",
        "netIncome_1":-511000000,
        "depreciationAndAmortization_1":20000000,
        "deferredIncomeTax":0,
        "stockBasedCompensation":598000000,
        "changeInWorkingCapital":707000000,
        "accountsReceivables":-306000000,
        "inventory":0,
        "accountsPayables":18000000,
        "otherWorkingCapital":995000000,
        "otherNonCashItems":14000000,
        "netCashProvidedByOperatingActivities":828000000,
        "investmentsInPropertyPlantAndEquipment":-5000000,
        "acquisitionsNet":0,
        "purchasesOfInvestments":-487000000,
        "salesMaturitiesOfInvestments":11000000,
        "otherInvestingActivities":0,
        "netCashProvidedByInvestingActivities":-481000000,
        "netDebtIssuance":0,
        "longTermNetDebtIssuance":0,
        "shortTermNetDebtIssuance":0,
        "netStockIssuance":0,
        "netCommonStockIssuance":0,
        "commonStockIssuance":0,
        "commonStockRepurchased":0,
        "netPreferredStockIssuance":0,
        "netDividendsPaid":0,
        "commonDividendsPaid":0,
        "preferredDividendsPaid":0,
        "otherFinancingActivities":-11000000,
        "netCashProvidedByFinancingActivities":-11000000,
        "effectOfForexChangesOnCash":0,
        "netChangeInCash":336000000,
        "cashAtEndOfPeriod":9693000000,
        "cashAtBeginningOfPeriod":9357000000,
        "operatingCashFlow":828000000,
        "capitalExpenditure":-5000000,
        "freeCashFlow":823000000,
        "incomeTaxesPaid":0,
        "interestPaid":3000000,
        "symbol_2":"HOOD",
        "stockPrice":9.71,
        "numberOfShares":896492800,
        "marketCapitalization":8704945088,
        "minusCashAndCashEquivalents":5459000000,
        "addTotalDebt":2609000000,
        "enterpriseValue":5854945088,
        "revenue_qoq":16.0526315789,
        "revenue_yoy":47.491638796,
        "netIncome_qoq":207.8313253012,
        "netIncome_yoy":30.3571428571,
        "operatingCashFlow_qoq":357.4585635359,
        "operatingCashFlow_yoy":89.4736842105,
        "eps_qoq":205.3026245313,
        "eps_yoy":26.1899490812
    },
    {
        "date":"2022-12-31",
        "symbol":"HOOD",
        "reportedCurrency":"USD",
        "cik":"0001783879",
        "filingDate":"2023-02-27",
        "acceptedDate":"2023-02-27 16:33:25",
        "fiscalYear":"2022",
        "period":"Q4",
        "revenue":380000000,
        "costOfRevenue":155000000,
        "grossProfit":225000000,
        "researchAndDevelopmentExpenses":183000000,
        "generalAndAdministrativeExpenses":178000000,
        "sellingAndMarketingExpenses":24000000,
        "sellingGeneralAndAdministrativeExpenses":202000000,
        "otherExpenses":20000000,
        "operatingExpenses":405000000,
        "costAndExpenses":560000000,
        "netInterestIncome":0,
        "interestIncome":0,
        "interestExpense":0,
        "depreciationAndAmortization":17000000,
        "ebitda":-163000000,
        "ebit":-180000000,
        "nonOperatingIncomeExcludingInterest":0,
        "operatingIncome":-180000000,
        "totalOtherIncomeExpensesNet":12000000,
        "incomeBeforeTax":-168000000,
        "incomeTaxExpense":-2000000,
        "netIncomeFromContinuingOperations":-166000000,
        "netIncomeFromDiscontinuedOperations":0,
        "otherAdjustmentsToNetIncome":0,
        "netIncome":-166000000,
        "netIncomeDeductions":0,
        "bottomLineNetIncome":-166000000,
        "eps":-0.1867,
        "epsDiluted":-0.1867,
        "weightedAverageShsOut":889239632,
        "weightedAverageShsOutDil":889239632,
        "symbol_1":"HOOD",
        "reportedCurrency_1":"USD",
        "cik_1":"0001783879",
        "filingDate_1":"2023-02-27",
        "acceptedDate_1":"2023-02-27 16:33:25",
        "fiscalYear_1":"2022",
        "period_1":"Q4",
        "netIncome_1":-166000000,
        "depreciationAndAmortization_1":17000000,
        "deferredIncomeTax":0,
        "stockBasedCompensation":160000000,
        "changeInWorkingCapital":145000000,
        "accountsReceivables":820000000,
        "inventory":0,
        "accountsPayables":-17000000,
        "otherWorkingCapital":-658000000,
        "otherNonCashItems":25000000,
        "netCashProvidedByOperatingActivities":181000000,
        "investmentsInPropertyPlantAndEquipment":-10000000,
        "acquisitionsNet":0,
        "purchasesOfInvestments":2000000,
        "salesMaturitiesOfInvestments":23000000,
        "otherInvestingActivities":-4000000,
        "netCashProvidedByInvestingActivities":11000000,
        "netDebtIssuance":0,
        "longTermNetDebtIssuance":0,
        "shortTermNetDebtIssuance":0,
        "netStockIssuance":0,
        "netCommonStockIssuance":0,
        "commonStockIssuance":0,
        "commonStockRepurchased":0,
        "netPreferredStockIssuance":0,
        "netDividendsPaid":0,
        "commonDividendsPaid":0,
        "preferredDividendsPaid":0,
        "otherFinancingActivities":0,
        "netCashProvidedByFinancingActivities":0,
        "effectOfForexChangesOnCash":1000000,
        "netChangeInCash":193000000,
        "cashAtEndOfPeriod":9357000000,
        "cashAtBeginningOfPeriod":9164000000,
        "operatingCashFlow":181000000,
        "capitalExpenditure":-10000000,
        "freeCashFlow":171000000,
        "incomeTaxesPaid":0,
        "interestPaid":0,
        "symbol_2":"HOOD",
        "stockPrice":8.14,
        "numberOfShares":889239632,
        "marketCapitalization":7238410604,
        "minusCashAndCashEquivalents":6339000000,
        "addTotalDebt":1834000000,
        "enterpriseValue":2733410604,
        "revenue_qoq":5.2631578947,
        "revenue_yoy":4.7660271344,
        "netIncome_qoq":-5.1428571429,
        "netIncome_yoy":-60.7812562756,
        "operatingCashFlow_qoq":-187.4396135266,
        "operatingCashFlow_yoy":-165.6672665003,
        "eps_qoq":-5.8497226425,
        "eps_yoy":-61.8901816697
    },
    {
        "date":"2022-09-30",
        "symbol":"HOOD",
        "reportedCurrency":"USD",
        "cik":"0001783879",
        "filingDate":"2022-11-03",
        "acceptedDate":"2022-11-02 17:33:43",
        "fiscalYear":"2022",
        "period":"Q3",
        "revenue":361000000,
        "costOfRevenue":137000000,
        "grossProfit":224000000,
        "researchAndDevelopmentExpenses":185000000,
        "generalAndAdministrativeExpenses":126000000,
        "sellingAndMarketingExpenses":13000000,
        "sellingGeneralAndAdministrativeExpenses":139000000,
        "otherExpenses":27000000,
        "operatingExpenses":351000000,
        "costAndExpenses":488000000,
        "netInterestIncome":0,
        "interestIncome":0,
        "interestExpense":0,
        "depreciationAndAmortization":15000000,
        "ebitda":-112000000,
        "ebit":-127000000,
        "nonOperatingIncomeExcludingInterest":0,
        "operatingIncome":-127000000,
        "totalOtherIncomeExpensesNet":-47000000,
        "incomeBeforeTax":-174000000,
        "incomeTaxExpense":1000000,
        "netIncomeFromContinuingOperations":-175000000,
        "netIncomeFromDiscontinuedOperations":0,
        "otherAdjustmentsToNetIncome":0,
        "netIncome":-175000000,
        "netIncomeDeductions":0,
        "bottomLineNetIncome":-175000000,
        "eps":-0.1983,
        "epsDiluted":-0.1983,
        "weightedAverageShsOut":882356575,
        "weightedAverageShsOutDil":882356575,
        "symbol_1":"HOOD",
        "reportedCurrency_1":"USD",
        "cik_1":"0001783879",
        "filingDate_1":"2022-11-03",
        "acceptedDate_1":"2022-11-02 17:33:43",
        "fiscalYear_1":"2022",
        "period_1":"Q3",
        "netIncome_1":-175000000,
        "depreciationAndAmortization_1":15000000,
        "deferredIncomeTax":0,
        "stockBasedCompensation":110000000,
        "changeInWorkingCapital":-221000000,
        "accountsReceivables":33000000,
        "inventory":0,
        "accountsPayables":-38000000,
        "otherWorkingCapital":-216000000,
        "otherNonCashItems":64000000,
        "netCashProvidedByOperatingActivities":-207000000,
        "investmentsInPropertyPlantAndEquipment":-6000000,
        "acquisitionsNet":0,
        "purchasesOfInvestments":3000000,
        "salesMaturitiesOfInvestments":14000000,
        "otherInvestingActivities":-22000000,
        "netCashProvidedByInvestingActivities":-11000000,
        "netDebtIssuance":0,
        "longTermNetDebtIssuance":0,
        "shortTermNetDebtIssuance":0,
        "netStockIssuance":0,
        "netCommonStockIssuance":0,
        "commonStockIssuance":0,
        "commonStockRepurchased":0,
        "netPreferredStockIssuance":0,
        "netDividendsPaid":0,
        "commonDividendsPaid":0,
        "preferredDividendsPaid":0,
        "otherFinancingActivities":-1000000,
        "netCashProvidedByFinancingActivities":-1000000,
        "effectOfForexChangesOnCash":-2000000,
        "netChangeInCash":-221000000,
        "cashAtEndOfPeriod":9164000000,
        "cashAtBeginningOfPeriod":9385000000,
        "operatingCashFlow":-207000000,
        "capitalExpenditure":-14000000,
        "freeCashFlow":-221000000,
        "incomeTaxesPaid":1000000,
        "interestPaid":0,
        "symbol_2":"HOOD",
        "stockPrice":10.1,
        "numberOfShares":882356575,
        "marketCapitalization":8911801407,
        "minusCashAndCashEquivalents":6187000000,
        "addTotalDebt":1583000000,
        "enterpriseValue":4307801407,
        "revenue_qoq":13.5220125786,
        "revenue_yoy":-1.095890411,
        "netIncome_qoq":-40.6779661017,
        "netIncome_yoy":-86.7122247532,
        "operatingCashFlow_qoq":-83.6104513064,
        "operatingCashFlow_yoy":-79.4696219832,
        "eps_qoq":-41.1921708185,
        "eps_yoy":-87.1175209511
    },
    {
        "date":"2022-06-30",
        "symbol":"HOOD",
        "reportedCurrency":"USD",
        "cik":"0001783879",
        "filingDate":"2022-08-03",
        "acceptedDate":"2022-08-03 16:02:35",
        "fiscalYear":"2022",
        "period":"Q2",
        "revenue":318000000,
        "costOfRevenue":142000000,
        "grossProfit":176000000,
        "researchAndDevelopmentExpenses":245000000,
        "generalAndAdministrativeExpenses":162000000,
        "sellingAndMarketingExpenses":18000000,
        "sellingGeneralAndAdministrativeExpenses":180000000,
        "otherExpenses":43000000,
        "operatingExpenses":468000000,
        "costAndExpenses":610000000,
        "netInterestIncome":0,
        "interestIncome":0,
        "interestExpense":0,
        "depreciationAndAmortization":17000000,
        "ebitda":-275000000,
        "ebit":-292000000,
        "nonOperatingIncomeExcludingInterest":0,
        "operatingIncome":-292000000,
        "totalOtherIncomeExpensesNet":-2000000,
        "incomeBeforeTax":-294000000,
        "incomeTaxExpense":1000000,
        "netIncomeFromContinuingOperations":-295000000,
        "netIncomeFromDiscontinuedOperations":0,
        "otherAdjustmentsToNetIncome":0,
        "netIncome":-295000000,
        "netIncomeDeductions":0,
        "bottomLineNetIncome":-295000000,
        "eps":-0.3372,
        "epsDiluted":-0.3372,
        "weightedAverageShsOut":874873301,
        "weightedAverageShsOutDil":874873301,
        "symbol_1":"HOOD",
        "reportedCurrency_1":"USD",
        "cik_1":"0001783879",
        "filingDate_1":"2022-08-03",
        "acceptedDate_1":"2022-08-03 16:02:35",
        "fiscalYear_1":"2022",
        "period_1":"Q2",
        "netIncome_1":-295000000,
        "depreciationAndAmortization_1":17000000,
        "deferredIncomeTax":0,
        "stockBasedCompensation":164000000,
        "changeInWorkingCapital":-1160000000,
        "accountsReceivables":1091000000,
        "inventory":0,
        "accountsPayables":-5000000,
        "otherWorkingCapital":-2246000000,
        "otherNonCashItems":11000000,
        "netCashProvidedByOperatingActivities":-1263000000,
        "investmentsInPropertyPlantAndEquipment":-12000000,
        "acquisitionsNet":0,
        "purchasesOfInvestments":-13000000,
        "salesMaturitiesOfInvestments":4000000,
        "otherInvestingActivities":-5000000,
        "netCashProvidedByInvestingActivities":-26000000,
        "netDebtIssuance":0,
        "longTermNetDebtIssuance":0,
        "shortTermNetDebtIssuance":0,
        "netStockIssuance":0,
        "netCommonStockIssuance":0,
        "commonStockIssuance":0,
        "commonStockRepurchased":0,
        "netPreferredStockIssuance":0,
        "netDividendsPaid":0,
        "commonDividendsPaid":0,
        "preferredDividendsPaid":0,
        "otherFinancingActivities":1000000,
        "netCashProvidedByFinancingActivities":1000000,
        "effectOfForexChangesOnCash":0,
        "netChangeInCash":-1288000000,
        "cashAtEndOfPeriod":9385000000,
        "cashAtBeginningOfPeriod":10673000000,
        "operatingCashFlow":-1263000000,
        "capitalExpenditure":-12000000,
        "freeCashFlow":-1275000000,
        "incomeTaxesPaid":2000000,
        "interestPaid":3000000,
        "symbol_2":"HOOD",
        "stockPrice":8.22,
        "numberOfShares":874873301,
        "marketCapitalization":7191458534,
        "minusCashAndCashEquivalents":5962000000,
        "addTotalDebt":1521000000,
        "enterpriseValue":2750458534,
        "revenue_qoq":6.3545150502,
        "revenue_yoy":-43.7168141593,
        "netIncome_qoq":-24.7448979592,
        "netIncome_yoy":-41.235059761,
        "operatingCashFlow_qoq":-389.0160183066,
        "operatingCashFlow_yoy":-155.362757565,
        "eps_qoq":-25.348682754,
        "eps_yoy":-42.8571428571
    },
    {
        "date":"2022-03-31",
        "symbol":"HOOD",
        "reportedCurrency":"USD",
        "cik":"0001783879",
        "filingDate":"2022-05-06",
        "acceptedDate":"2022-05-06 16:02:40",
        "fiscalYear":"2022",
        "period":"Q1",
        "revenue":299000000,
        "costOfRevenue":146000000,
        "grossProfit":153000000,
        "researchAndDevelopmentExpenses":268000000,
        "generalAndAdministrativeExpenses":202000000,
        "sellingAndMarketingExpenses":18000000,
        "sellingGeneralAndAdministrativeExpenses":220000000,
        "otherExpenses":44000000,
        "operatingExpenses":532000000,
        "costAndExpenses":678000000,
        "netInterestIncome":0,
        "interestIncome":0,
        "interestExpense":0,
        "depreciationAndAmortization":12000000,
        "ebitda":-367000000,
        "ebit":-379000000,
        "nonOperatingIncomeExcludingInterest":0,
        "operatingIncome":-379000000,
        "totalOtherIncomeExpensesNet":-12000000,
        "incomeBeforeTax":-391000000,
        "incomeTaxExpense":1000000,
        "netIncomeFromContinuingOperations":-392000000,
        "netIncomeFromDiscontinuedOperations":0,
        "otherAdjustmentsToNetIncome":0,
        "netIncome":-392000000,
        "netIncomeDeductions":0,
        "bottomLineNetIncome":-392000000,
        "eps":-0.4517,
        "epsDiluted":-0.4517,
        "weightedAverageShsOut":867769168,
        "weightedAverageShsOutDil":867769168,
        "symbol_1":"HOOD",
        "reportedCurrency_1":"USD",
        "cik_1":"0001783879",
        "filingDate_1":"2022-05-06",
        "acceptedDate_1":"2022-05-06 16:02:40",
        "fiscalYear_1":"2022",
        "period_1":"Q1",
        "netIncome_1":-392000000,
        "depreciationAndAmortization_1":12000000,
        "deferredIncomeTax":0,
        "stockBasedCompensation":220000000,
        "changeInWorkingCapital":589000000,
        "accountsReceivables":1381000000,
        "inventory":0,
        "accountsPayables":-2000000,
        "otherWorkingCapital":-790000000,
        "otherNonCashItems":8000000,
        "netCashProvidedByOperatingActivities":437000000,
        "investmentsInPropertyPlantAndEquipment":-21000000,
        "acquisitionsNet":8000000,
        "purchasesOfInvestments":-14000000,
        "salesMaturitiesOfInvestments":1000000,
        "otherInvestingActivities":-8000000,
        "netCashProvidedByInvestingActivities":-34000000,
        "netDebtIssuance":0,
        "longTermNetDebtIssuance":0,
        "shortTermNetDebtIssuance":0,
        "netStockIssuance":-3000000,
        "netCommonStockIssuance":-3000000,
        "commonStockIssuance":0,
        "commonStockRepurchased":-3000000,
        "netPreferredStockIssuance":0,
        "netDividendsPaid":0,
        "commonDividendsPaid":0,
        "preferredDividendsPaid":0,
        "otherFinancingActivities":3000000,
        "netCashProvidedByFinancingActivities":0,
        "effectOfForexChangesOnCash":0,
        "netChangeInCash":403000000,
        "cashAtEndOfPeriod":10673000000,
        "cashAtBeginningOfPeriod":10270000000,
        "operatingCashFlow":437000000,
        "capitalExpenditure":-21000000,
        "freeCashFlow":416000000,
        "incomeTaxesPaid":1000000,
        "interestPaid":3000000,
        "symbol_2":"HOOD",
        "stockPrice":13.51,
        "numberOfShares":867769168,
        "marketCapitalization":11723561459,
        "minusCashAndCashEquivalents":6191000000,
        "addTotalDebt":2334000000,
        "enterpriseValue":7866561459,
        "revenue_qoq":-17.5656786495,
        "revenue_yoy":-42.7203065134,
        "netIncome_qoq":-7.3870630122,
        "netIncome_yoy":-72.8719723183,
        "operatingCashFlow_qoq":-258.5447263017,
        "operatingCashFlow_yoy":-123.2175607641,
        "eps_qoq":-7.7975096959,
        "eps_yoy":-73.420030599
    },
    {
        "date":"2021-12-31",
        "symbol":"HOOD",
        "reportedCurrency":"USD",
        "cik":"0001783879",
        "filingDate":"2022-02-24",
        "acceptedDate":"2022-02-24 16:06:16",
        "fiscalYear":"2021",
        "period":"Q4",
        "revenue":362713000,
        "costOfRevenue":133205000,
        "grossProfit":229508000,
        "researchAndDevelopmentExpenses":280420000,
        "generalAndAdministrativeExpenses":357035000,
        "sellingAndMarketingExpenses":23695000,
        "sellingGeneralAndAdministrativeExpenses":380730000,
        "otherExpenses":51843000,
        "operatingExpenses":712993000,
        "costAndExpenses":846198000,
        "netInterestIncome":0,
        "interestIncome":0,
        "interestExpense":0,
        "depreciationAndAmortization":9761000,
        "ebitda":-473724000,
        "ebit":-483485000,
        "nonOperatingIncomeExcludingInterest":0,
        "operatingIncome":-483485000,
        "totalOtherIncomeExpensesNet":63176000,
        "incomeBeforeTax":-420309000,
        "incomeTaxExpense":2958000,
        "netIncomeFromContinuingOperations":-423267000,
        "netIncomeFromDiscontinuedOperations":0,
        "otherAdjustmentsToNetIncome":0,
        "netIncome":-423267000,
        "netIncomeDeductions":0,
        "bottomLineNetIncome":-423267000,
        "eps":-0.4899,
        "epsDiluted":-0.4899,
        "weightedAverageShsOut":863912613,
        "weightedAverageShsOutDil":863912613,
        "symbol_1":"HOOD",
        "reportedCurrency_1":"USD",
        "cik_1":"0001783879",
        "filingDate_1":"2022-02-24",
        "acceptedDate_1":"2022-02-24 16:06:16",
        "fiscalYear_1":"2021",
        "period_1":"Q4",
        "netIncome_1":-423267000,
        "depreciationAndAmortization_1":9761000,
        "deferredIncomeTax":-1000,
        "stockBasedCompensation":317802000,
        "changeInWorkingCapital":-196481000,
        "accountsReceivables":-520204000,
        "inventory":258093000,
        "accountsPayables":15630000,
        "otherWorkingCapital":50000000,
        "otherNonCashItems":16554000,
        "netCashProvidedByOperatingActivities":-275632000,
        "investmentsInPropertyPlantAndEquipment":-24927000,
        "acquisitionsNet":-6265000,
        "purchasesOfInvestments":-27203000,
        "salesMaturitiesOfInvestments":-7852000,
        "otherInvestingActivities":7842000,
        "netCashProvidedByInvestingActivities":-58405000,
        "netDebtIssuance":0,
        "longTermNetDebtIssuance":0,
        "shortTermNetDebtIssuance":0,
        "netStockIssuance":-10000000,
        "netCommonStockIssuance":-5148000,
        "commonStockIssuance":-5148000,
        "commonStockRepurchased":0,
        "netPreferredStockIssuance":-4852000,
        "netDividendsPaid":0,
        "commonDividendsPaid":0,
        "preferredDividendsPaid":0,
        "otherFinancingActivities":3908000,
        "netCashProvidedByFinancingActivities":-6092000,
        "effectOfForexChangesOnCash":22000,
        "netChangeInCash":-340107000,
        "cashAtEndOfPeriod":10270359000,
        "cashAtBeginningOfPeriod":10610466000,
        "operatingCashFlow":-275632000,
        "capitalExpenditure":-24927000,
        "freeCashFlow":-300559000,
        "incomeTaxesPaid":2952000,
        "interestPaid":5719000,
        "symbol_2":"HOOD",
        "stockPrice":17.76,
        "numberOfShares":863912613,
        "marketCapitalization":15343088006,
        "minusCashAndCashEquivalents":6253000000,
        "addTotalDebt":3651000000,
        "enterpriseValue":12741088006,
        "revenue_qoq":-0.6265753425,
        "revenue_yoy":14.2252048548,
        "netIncome_qoq":-67.8612756264,
        "netIncome_yoy":-3348.9023641388,
        "operatingCashFlow_qoq":-72.662661094,
        "operatingCashFlow_yoy":-179.500210553,
        "eps_qoq":-68.1738452543,
        "eps_yoy":-3301.9607843137
    },
    {
        "date":"2021-09-30",
        "symbol":"HOOD",
        "reportedCurrency":"USD",
        "cik":"0001783879",
        "filingDate":"2021-10-29",
        "acceptedDate":"2021-10-29 16:02:11",
        "fiscalYear":"2021",
        "period":"Q3",
        "revenue":365000000,
        "costOfRevenue":139000000,
        "grossProfit":226000000,
        "researchAndDevelopmentExpenses":679000000,
        "generalAndAdministrativeExpenses":795000000,
        "sellingAndMarketingExpenses":35000000,
        "sellingGeneralAndAdministrativeExpenses":830000000,
        "otherExpenses":60000000,
        "operatingExpenses":1569000000,
        "costAndExpenses":1708000000,
        "netInterestIncome":0,
        "interestIncome":0,
        "interestExpense":0,
        "depreciationAndAmortization":8000000,
        "ebitda":-1335000000,
        "ebit":-1343000000,
        "nonOperatingIncomeExcludingInterest":0,
        "operatingIncome":-1343000000,
        "totalOtherIncomeExpensesNet":-24000000,
        "incomeBeforeTax":-1367000000,
        "incomeTaxExpense":-50000000,
        "netIncomeFromContinuingOperations":-1317000000,
        "netIncomeFromDiscontinuedOperations":0,
        "otherAdjustmentsToNetIncome":0,
        "netIncome":-1317000000,
        "netIncomeDeductions":0,
        "bottomLineNetIncome":-1317000000,
        "eps":-1.5393,
        "epsDiluted":-1.5393,
        "weightedAverageShsOut":855385082,
        "weightedAverageShsOutDil":855385082,
        "symbol_1":"HOOD",
        "reportedCurrency_1":"USD",
        "cik_1":"0001783879",
        "filingDate_1":"2021-10-29",
        "acceptedDate_1":"2021-10-29 16:02:11",
        "fiscalYear_1":"2021",
        "period_1":"Q3",
        "netIncome_1":-1316697000,
        "depreciationAndAmortization_1":7040000,
        "deferredIncomeTax":25051000,
        "stockBasedCompensation":1242450000,
        "changeInWorkingCapital":-991320000,
        "accountsReceivables":-615772000,
        "inventory":-611778000,
        "accountsPayables":-63754000,
        "otherWorkingCapital":299984000,
        "otherNonCashItems":25214000,
        "netCashProvidedByOperatingActivities":-1008262000,
        "investmentsInPropertyPlantAndEquipment":-30864000,
        "acquisitionsNet":-119161000,
        "purchasesOfInvestments":0,
        "salesMaturitiesOfInvestments":0,
        "otherInvestingActivities":-1588000,
        "netCashProvidedByInvestingActivities":-151613000,
        "netDebtIssuance":0,
        "longTermNetDebtIssuance":0,
        "shortTermNetDebtIssuance":0,
        "netStockIssuance":0,
        "netCommonStockIssuance":0,
        "commonStockIssuance":0,
        "commonStockRepurchased":0,
        "netPreferredStockIssuance":0,
        "netDividendsPaid":0,
        "commonDividendsPaid":0,
        "preferredDividendsPaid":0,
        "otherFinancingActivities":1651000000,
        "netCashProvidedByFinancingActivities":1650848000,
        "effectOfForexChangesOnCash":-142000,
        "netChangeInCash":490831000,
        "cashAtEndOfPeriod":10610466000,
        "cashAtBeginningOfPeriod":10119635000,
        "operatingCashFlow":-1008262000,
        "capitalExpenditure":-30864000,
        "freeCashFlow":-1039126000,
        "incomeTaxesPaid":0,
        "interestPaid":0,
        "symbol_2":"HOOD",
        "stockPrice":42.08,
        "numberOfShares":855385082,
        "marketCapitalization":35994604250,
        "minusCashAndCashEquivalents":6166705000,
        "addTotalDebt":3129650000,
        "enterpriseValue":32957549250,
        "revenue_qoq":-35.3982300885,
        "revenue_yoy":null,
        "netIncome_qoq":162.3505976096,
        "netIncome_yoy":null,
        "operatingCashFlow_qoq":-144.1964882566,
        "operatingCashFlow_yoy":null,
        "eps_qoq":160.8540925267,
        "eps_yoy":null
    },
    {
        "date":"2021-06-30",
        "symbol":"HOOD",
        "reportedCurrency":"USD",
        "cik":"0001783879",
        "filingDate":"2021-08-18",
        "acceptedDate":"2021-08-18 16:08:24",
        "fiscalYear":"2021",
        "period":"Q2",
        "revenue":565000000,
        "costOfRevenue":121000000,
        "grossProfit":444000000,
        "researchAndDevelopmentExpenses":156000000,
        "generalAndAdministrativeExpenses":68000000,
        "sellingAndMarketingExpenses":85000000,
        "sellingGeneralAndAdministrativeExpenses":153000000,
        "otherExpenses":71000000,
        "operatingExpenses":380000000,
        "costAndExpenses":501000000,
        "netInterestIncome":0,
        "interestIncome":0,
        "interestExpense":0,
        "depreciationAndAmortization":5000000,
        "ebitda":69000000,
        "ebit":64000000,
        "nonOperatingIncomeExcludingInterest":0,
        "operatingIncome":64000000,
        "totalOtherIncomeExpensesNet":-528000000,
        "incomeBeforeTax":-464000000,
        "incomeTaxExpense":38000000,
        "netIncomeFromContinuingOperations":-502000000,
        "netIncomeFromDiscontinuedOperations":0,
        "otherAdjustmentsToNetIncome":0,
        "netIncome":-502000000,
        "netIncomeDeductions":0,
        "bottomLineNetIncome":-502000000,
        "eps":-0.5901,
        "epsDiluted":-0.5901,
        "weightedAverageShsOut":850178840,
        "weightedAverageShsOutDil":850178840,
        "symbol_1":"HOOD",
        "reportedCurrency_1":"USD",
        "cik_1":"0001783879",
        "filingDate_1":"2021-08-18",
        "acceptedDate_1":"2021-08-18 16:08:24",
        "fiscalYear_1":"2021",
        "period_1":"Q2",
        "netIncome_1":-501665000,
        "depreciationAndAmortization_1":4873000,
        "deferredIncomeTax":2000,
        "stockBasedCompensation":1138000,
        "changeInWorkingCapital":2228575000,
        "accountsReceivables":-109863000,
        "inventory":2631990000,
        "accountsPayables":56432000,
        "otherWorkingCapital":-349984000,
        "otherNonCashItems":548394000,
        "netCashProvidedByOperatingActivities":2281317000,
        "investmentsInPropertyPlantAndEquipment":-16500000,
        "acquisitionsNet":0,
        "purchasesOfInvestments":0,
        "salesMaturitiesOfInvestments":0,
        "otherInvestingActivities":0,
        "netCashProvidedByInvestingActivities":-16500000,
        "netDebtIssuance":611766000,
        "longTermNetDebtIssuance":-25000,
        "shortTermNetDebtIssuance":611766000,
        "netStockIssuance":893000,
        "netCommonStockIssuance":893000,
        "commonStockIssuance":893000,
        "commonStockRepurchased":0,
        "netPreferredStockIssuance":0,
        "netDividendsPaid":0,
        "commonDividendsPaid":0,
        "preferredDividendsPaid":0,
        "otherFinancingActivities":-611659000,
        "netCashProvidedByFinancingActivities":1000000,
        "effectOfForexChangesOnCash":23000,
        "netChangeInCash":2265733000,
        "cashAtEndOfPeriod":10119635000,
        "cashAtBeginningOfPeriod":7853902000,
        "operatingCashFlow":2281317000,
        "capitalExpenditure":-16500000,
        "freeCashFlow":2264817000,
        "incomeTaxesPaid":0,
        "interestPaid":0,
        "symbol_2":"HOOD",
        "stockPrice":34.82,
        "numberOfShares":850178840,
        "marketCapitalization":29603227208,
        "minusCashAndCashEquivalents":5077752000,
        "addTotalDebt":7832683000,
        "enterpriseValue":32358158208,
        "revenue_qoq":8.2375478927,
        "revenue_yoy":null,
        "netIncome_qoq":-65.2595155709,
        "netIncome_yoy":null,
        "operatingCashFlow_qoq":-221.2050710978,
        "operatingCashFlow_yoy":null,
        "eps_qoq":-65.2759797576,
        "eps_yoy":null
    },
    {
        "date":"2021-03-31",
        "symbol":"HOOD",
        "reportedCurrency":"USD",
        "cik":"0001783879",
        "filingDate":"2021-03-31",
        "acceptedDate":"2021-03-30 20:00:00",
        "fiscalYear":"2021",
        "period":"Q1",
        "revenue":522000000,
        "costOfRevenue":97000000,
        "grossProfit":425000000,
        "researchAndDevelopmentExpenses":117000000,
        "generalAndAdministrativeExpenses":103000000,
        "sellingAndMarketingExpenses":102000000,
        "sellingGeneralAndAdministrativeExpenses":205000000,
        "otherExpenses":45000000,
        "operatingExpenses":367000000,
        "costAndExpenses":464000000,
        "netInterestIncome":62497000,
        "interestIncome":65296000,
        "interestExpense":2799000,
        "depreciationAndAmortization":4000000,
        "ebitda":62000000,
        "ebit":58000000,
        "nonOperatingIncomeExcludingInterest":0,
        "operatingIncome":58000000,
        "totalOtherIncomeExpensesNet":-1491000000,
        "incomeBeforeTax":-1433000000,
        "incomeTaxExpense":12000000,
        "netIncomeFromContinuingOperations":-1445000000,
        "netIncomeFromDiscontinuedOperations":0,
        "otherAdjustmentsToNetIncome":0,
        "netIncome":-1445000000,
        "netIncomeDeductions":1361769000,
        "bottomLineNetIncome":-1445000000,
        "eps":-1.6994,
        "epsDiluted":-1.6994,
        "weightedAverageShsOut":850178840,
        "weightedAverageShsOutDil":850178840,
        "symbol_1":"HOOD",
        "reportedCurrency_1":"USD",
        "cik_1":"0001783879",
        "filingDate_1":"2021-03-31",
        "acceptedDate_1":"2021-03-30 20:00:00",
        "fiscalYear_1":"2021",
        "period_1":"Q1",
        "netIncome_1":-1444803000,
        "depreciationAndAmortization_1":3821000,
        "deferredIncomeTax":-1000,
        "stockBasedCompensation":8996000,
        "changeInWorkingCapital":-1958881000,
        "accountsReceivables":-2079858000,
        "inventory":-139799000,
        "accountsPayables":125782000,
        "otherWorkingCapital":134994000,
        "otherNonCashItems":1508672000,
        "netCashProvidedByOperatingActivities":-1882196000,
        "investmentsInPropertyPlantAndEquipment":-11362000,
        "acquisitionsNet":0,
        "purchasesOfInvestments":0,
        "salesMaturitiesOfInvestments":0,
        "otherInvestingActivities":0,
        "netCashProvidedByInvestingActivities":-11362000,
        "netDebtIssuance":3552000000,
        "longTermNetDebtIssuance":3552000000,
        "shortTermNetDebtIssuance":0,
        "netStockIssuance":0,
        "netCommonStockIssuance":0,
        "commonStockIssuance":0,
        "commonStockRepurchased":0,
        "netPreferredStockIssuance":0,
        "netDividendsPaid":0,
        "commonDividendsPaid":0,
        "preferredDividendsPaid":0,
        "otherFinancingActivities":6000000,
        "netCashProvidedByFinancingActivities":3557772000,
        "effectOfForexChangesOnCash":29000,
        "netChangeInCash":1664243000,
        "cashAtEndOfPeriod":7853902000,
        "cashAtBeginningOfPeriod":6189659000,
        "operatingCashFlow":-1882196000,
        "capitalExpenditure":-11362000,
        "freeCashFlow":-1893558000,
        "incomeTaxesPaid":3000000,
        "interestPaid":1000000,
        "symbol_2":"HOOD",
        "stockPrice":34.82,
        "numberOfShares":850178840,
        "marketCapitalization":29603227208,
        "minusCashAndCashEquivalents":4794546000,
        "addTotalDebt":6706216000,
        "enterpriseValue":31514897208,
        "revenue_qoq":64.387703044,
        "revenue_yoy":null,
        "netIncome_qoq":-11191.4952410193,
        "netIncome_yoy":null,
        "operatingCashFlow_qoq":-642.8795578963,
        "operatingCashFlow_yoy":null,
        "eps_qoq":-11207.1895424837,
        "eps_yoy":null
    },
    {
        "date":"2020-12-31",
        "symbol":"HOOD",
        "reportedCurrency":"USD",
        "cik":"0001783879",
        "filingDate":"2020-12-31",
        "acceptedDate":"2020-12-30 19:00:00",
        "fiscalYear":"2020",
        "period":"Q4",
        "revenue":317542000,
        "costOfRevenue":68678000,
        "grossProfit":248864000,
        "researchAndDevelopmentExpenses":81963000,
        "generalAndAdministrativeExpenses":38907000,
        "sellingAndMarketingExpenses":37717000,
        "sellingGeneralAndAdministrativeExpenses":76624000,
        "otherExpenses":25245000,
        "operatingExpenses":183832000,
        "costAndExpenses":252510000,
        "netInterestIncome":0,
        "interestIncome":0,
        "interestExpense":0,
        "depreciationAndAmortization":3366000,
        "ebitda":68398000,
        "ebit":65032000,
        "nonOperatingIncomeExcludingInterest":0,
        "operatingIncome":65032000,
        "totalOtherIncomeExpensesNet":-45738000,
        "incomeBeforeTax":19294000,
        "incomeTaxExpense":6266000,
        "netIncomeFromContinuingOperations":13028000,
        "netIncomeFromDiscontinuedOperations":0,
        "otherAdjustmentsToNetIncome":0,
        "netIncome":13028000,
        "netIncomeDeductions":0,
        "bottomLineNetIncome":-194572000,
        "eps":0.0153,
        "epsDiluted":0.0153,
        "weightedAverageShsOut":850178840,
        "weightedAverageShsOutDil":850178840,
        "symbol_1":"HOOD",
        "reportedCurrency_1":"USD",
        "cik_1":"0001783879",
        "filingDate_1":"2020-12-31",
        "acceptedDate_1":"2020-12-30 19:00:00",
        "fiscalYear_1":"2020",
        "period_1":"Q4",
        "netIncome_1":13028000,
        "depreciationAndAmortization_1":3366000,
        "deferredIncomeTax":14534000,
        "stockBasedCompensation":18982000,
        "changeInWorkingCapital":296739000,
        "accountsReceivables":-1150247000,
        "inventory":1619262000,
        "accountsPayables":-42281000,
        "otherWorkingCapital":-129995000,
        "otherNonCashItems":57000,
        "netCashProvidedByOperatingActivities":346706000,
        "investmentsInPropertyPlantAndEquipment":-9040000,
        "acquisitionsNet":0,
        "purchasesOfInvestments":0,
        "salesMaturitiesOfInvestments":0,
        "otherInvestingActivities":0,
        "netCashProvidedByInvestingActivities":-9040000,
        "netDebtIssuance":0,
        "longTermNetDebtIssuance":0,
        "shortTermNetDebtIssuance":0,
        "netStockIssuance":-22000,
        "netCommonStockIssuance":0,
        "commonStockIssuance":0,
        "commonStockRepurchased":0,
        "netPreferredStockIssuance":-22000,
        "netDividendsPaid":0,
        "commonDividendsPaid":0,
        "preferredDividendsPaid":0,
        "otherFinancingActivities":4946000,
        "netCashProvidedByFinancingActivities":4946000,
        "effectOfForexChangesOnCash":264000,
        "netChangeInCash":342876000,
        "cashAtEndOfPeriod":6189659000,
        "cashAtBeginningOfPeriod":5846783000,
        "operatingCashFlow":346706000,
        "capitalExpenditure":-9040000,
        "freeCashFlow":337666000,
        "incomeTaxesPaid":2850000,
        "interestPaid":509000,
        "symbol_2":"HOOD",
        "stockPrice":34.82,
        "numberOfShares":850178840,
        "marketCapitalization":29603227208,
        "minusCashAndCashEquivalents":0,
        "addTotalDebt":0,
        "enterpriseValue":29603227208,
        "revenue_qoq":null,
        "revenue_yoy":null,
        "netIncome_qoq":null,
        "netIncome_yoy":null,
        "operatingCashFlow_qoq":null,
        "operatingCashFlow_yoy":null,
        "eps_qoq":null,
        "eps_yoy":null
    }
]