[
    {
        "date":"2025-09-28",
        "symbol":"JNJ",
        "reportedCurrency":"USD",
        "cik":"0000200406",
        "filingDate":"2025-10-22",
        "acceptedDate":"2025-10-22 16:04:17",
        "fiscalYear":"2025",
        "period":"Q3",
        "revenue":23993000000,
        "costOfRevenue":7303000000,
        "grossProfit":16690000000,
        "researchAndDevelopmentExpenses":3672000000,
        "generalAndAdministrativeExpenses":5922000000,
        "sellingAndMarketingExpenses":0,
        "sellingGeneralAndAdministrativeExpenses":5922000000,
        "otherExpenses":0,
        "operatingExpenses":9594000000,
        "costAndExpenses":16897000000,
        "netInterestIncome":209000000,
        "interestIncome":227000000,
        "interestExpense":18000000,
        "depreciationAndAmortization":1777000000,
        "ebitda":9288000000,
        "ebit":7511000000,
        "nonOperatingIncomeExcludingInterest":-415000000,
        "operatingIncome":7096000000,
        "totalOtherIncomeExpensesNet":397000000,
        "incomeBeforeTax":7493000000,
        "incomeTaxExpense":2341000000,
        "netIncomeFromContinuingOperations":5152000000,
        "netIncomeFromDiscontinuedOperations":0,
        "otherAdjustmentsToNetIncome":0,
        "netIncome":5152000000,
        "netIncomeDeductions":0,
        "bottomLineNetIncome":5152000000,
        "eps":2.12,
        "epsDiluted":2.12,
        "weightedAverageShsOut":2428600000,
        "weightedAverageShsOutDil":2428600000,
        "symbol_1":"JNJ",
        "reportedCurrency_1":"USD",
        "cik_1":"0000200406",
        "filingDate_1":"2025-10-22",
        "acceptedDate_1":"2025-10-22 16:04:17",
        "fiscalYear_1":"2025",
        "period_1":"Q3",
        "netIncome_1":5152000000,
        "depreciationAndAmortization_1":1777000000,
        "deferredIncomeTax":2218000000,
        "stockBasedCompensation":347000000,
        "changeInWorkingCapital":15945000000,
        "accountsReceivables":111000000,
        "inventory":-748000000,
        "accountsPayables":1997000000,
        "otherWorkingCapital":14585000000,
        "otherNonCashItems":-16270000000,
        "netCashProvidedByOperatingActivities":9169000000,
        "investmentsInPropertyPlantAndEquipment":-1157000000,
        "acquisitionsNet":-1000000,
        "purchasesOfInvestments":2438000000,
        "salesMaturitiesOfInvestments":489000000,
        "otherInvestingActivities":-2311000000,
        "netCashProvidedByInvestingActivities":-542000000,
        "netDebtIssuance":-7109000000,
        "longTermNetDebtIssuance":-13491000000,
        "shortTermNetDebtIssuance":6382000000,
        "netStockIssuance":-4029000000,
        "netCommonStockIssuance":-4029000000,
        "commonStockIssuance":-4029000000,
        "commonStockRepurchased":0,
        "netPreferredStockIssuance":0,
        "netDividendsPaid":-3132000000,
        "commonDividendsPaid":-3132000000,
        "preferredDividendsPaid":0,
        "otherFinancingActivities":5343000000,
        "netCashProvidedByFinancingActivities":-8927000000,
        "effectOfForexChangesOnCash":-46000000,
        "netChangeInCash":-346000000,
        "cashAtEndOfPeriod":18231000000,
        "cashAtBeginningOfPeriod":18577000000,
        "operatingCashFlow":9169000000,
        "capitalExpenditure":-788000000,
        "freeCashFlow":8381000000,
        "incomeTaxesPaid":0,
        "interestPaid":0,
        "symbol_2":"JNJ",
        "stockPrice":181.62,
        "numberOfShares":2428600000,
        "marketCapitalization":441082332000,
        "minusCashAndCashEquivalents":18231000000,
        "addTotalDebt":6387000000,
        "enterpriseValue":429238332000,
        "revenue_qoq":1.0529419197,
        "revenue_yoy":6.7731743136,
        "netIncome_qoq":-6.9532237674,
        "netIncome_yoy":91.2397921307,
        "operatingCashFlow_qoq":136.4363073749,
        "operatingCashFlow_yoy":14.7128737645,
        "eps_qoq":-7.423580786,
        "eps_yoy":89.2857142857
    },
    {
        "date":"2025-06-29",
        "symbol":"JNJ",
        "reportedCurrency":"USD",
        "cik":"0000200406",
        "filingDate":"2025-07-24",
        "acceptedDate":"2025-07-24 16:04:24",
        "fiscalYear":"2025",
        "period":"Q2",
        "revenue":23743000000,
        "costOfRevenue":7628000000,
        "grossProfit":16115000000,
        "researchAndDevelopmentExpenses":3516000000,
        "generalAndAdministrativeExpenses":5789000000,
        "sellingAndMarketingExpenses":0,
        "sellingGeneralAndAdministrativeExpenses":5789000000,
        "otherExpenses":0,
        "operatingExpenses":9305000000,
        "costAndExpenses":16933000000,
        "netInterestIncome":-48000000,
        "interestIncome":260000000,
        "interestExpense":308000000,
        "depreciationAndAmortization":1943000000,
        "ebitda":8742000000,
        "ebit":6799000000,
        "nonOperatingIncomeExcludingInterest":11000000,
        "operatingIncome":6810000000,
        "totalOtherIncomeExpensesNet":-319000000,
        "incomeBeforeTax":6491000000,
        "incomeTaxExpense":954000000,
        "netIncomeFromContinuingOperations":5537000000,
        "netIncomeFromDiscontinuedOperations":0,
        "otherAdjustmentsToNetIncome":0,
        "netIncome":5537000000,
        "netIncomeDeductions":0,
        "bottomLineNetIncome":5537000000,
        "eps":2.29,
        "epsDiluted":2.29,
        "weightedAverageShsOut":2419100000,
        "weightedAverageShsOutDil":2419100000,
        "symbol_1":"JNJ",
        "reportedCurrency_1":"USD",
        "cik_1":"0000200406",
        "filingDate_1":"2025-07-24",
        "acceptedDate_1":"2025-07-24 16:04:24",
        "fiscalYear_1":"2025",
        "period_1":"Q2",
        "netIncome_1":5537000000,
        "depreciationAndAmortization_1":1943000000,
        "deferredIncomeTax":825000000,
        "stockBasedCompensation":410000000,
        "changeInWorkingCapital":-4921000000,
        "accountsReceivables":-1357000000,
        "inventory":-510000000,
        "accountsPayables":1240000000,
        "otherWorkingCapital":-4294000000,
        "otherNonCashItems":84000000,
        "netCashProvidedByOperatingActivities":3878000000,
        "investmentsInPropertyPlantAndEquipment":-1043000000,
        "acquisitionsNet":-14458000000,
        "purchasesOfInvestments":-2864000000,
        "salesMaturitiesOfInvestments":735000000,
        "otherInvestingActivities":-634000000,
        "netCashProvidedByInvestingActivities":-18264000000,
        "netDebtIssuance":-2376000000,
        "longTermNetDebtIssuance":-3000000,
        "shortTermNetDebtIssuance":-2373000000,
        "netStockIssuance":107000000,
        "netCommonStockIssuance":107000000,
        "commonStockIssuance":107000000,
        "commonStockRepurchased":0,
        "netPreferredStockIssuance":0,
        "netDividendsPaid":-3129000000,
        "commonDividendsPaid":-3129000000,
        "preferredDividendsPaid":0,
        "otherFinancingActivities":-267000000,
        "netCashProvidedByFinancingActivities":-5665000000,
        "effectOfForexChangesOnCash":154000000,
        "netChangeInCash":-19897000000,
        "cashAtEndOfPeriod":18577000000,
        "cashAtBeginningOfPeriod":38474000000,
        "operatingCashFlow":3878000000,
        "capitalExpenditure":-1398000000,
        "freeCashFlow":2480000000,
        "incomeTaxesPaid":0,
        "interestPaid":0,
        "symbol_2":"JNJ",
        "stockPrice":152.75,
        "numberOfShares":2419100000,
        "marketCapitalization":369517525000,
        "minusCashAndCashEquivalents":18577000000,
        "addTotalDebt":50761000000,
        "enterpriseValue":401701525000,
        "revenue_qoq":8.4501895583,
        "revenue_yoy":5.7736000356,
        "netIncome_qoq":-49.6590599145,
        "netIncome_yoy":18.1604780196,
        "operatingCashFlow_qoq":-7.0915189267,
        "operatingCashFlow_yoy":-31.1556896858,
        "eps_qoq":-49.8905908096,
        "eps_yoy":17.4358974359
    },
    {
        "date":"2025-03-30",
        "symbol":"JNJ",
        "reportedCurrency":"USD",
        "cik":"0000200406",
        "filingDate":"2025-04-23",
        "acceptedDate":"2025-04-23 16:04:45",
        "fiscalYear":"2025",
        "period":"Q1",
        "revenue":21893000000,
        "costOfRevenue":7357000000,
        "grossProfit":14536000000,
        "researchAndDevelopmentExpenses":3225000000,
        "generalAndAdministrativeExpenses":5012000000,
        "sellingAndMarketingExpenses":0,
        "sellingGeneralAndAdministrativeExpenses":5012000000,
        "otherExpenses":0,
        "operatingExpenses":8237000000,
        "costAndExpenses":15594000000,
        "netInterestIncome":128000000,
        "interestIncome":332000000,
        "interestExpense":204000000,
        "depreciationAndAmortization":1772000000,
        "ebitda":15607000000,
        "ebit":13835000000,
        "nonOperatingIncomeExcludingInterest":-7536000000,
        "operatingIncome":6299000000,
        "totalOtherIncomeExpensesNet":7332000000,
        "incomeBeforeTax":13631000000,
        "incomeTaxExpense":2632000000,
        "netIncomeFromContinuingOperations":10999000000,
        "netIncomeFromDiscontinuedOperations":0,
        "otherAdjustmentsToNetIncome":0,
        "netIncome":10999000000,
        "netIncomeDeductions":0,
        "bottomLineNetIncome":10999000000,
        "eps":4.57,
        "epsDiluted":4.54,
        "weightedAverageShsOut":2405625000,
        "weightedAverageShsOutDil":2423800000,
        "symbol_1":"JNJ",
        "reportedCurrency_1":"USD",
        "cik_1":"0000200406",
        "filingDate_1":"2025-04-23",
        "acceptedDate_1":"2025-04-23 16:04:45",
        "fiscalYear_1":"2025",
        "period_1":"Q1",
        "netIncome_1":10999000000,
        "depreciationAndAmortization_1":1772000000,
        "deferredIncomeTax":2172000000,
        "stockBasedCompensation":288000000,
        "changeInWorkingCapital":-11024000000,
        "accountsReceivables":-926000000,
        "inventory":-146000000,
        "accountsPayables":-2126000000,
        "otherWorkingCapital":-7826000000,
        "otherNonCashItems":-33000000,
        "netCashProvidedByOperatingActivities":4174000000,
        "investmentsInPropertyPlantAndEquipment":-795000000,
        "acquisitionsNet":0,
        "purchasesOfInvestments":-251000000,
        "salesMaturitiesOfInvestments":218000000,
        "otherInvestingActivities":531000000,
        "netCashProvidedByInvestingActivities":-297000000,
        "netDebtIssuance":15051000000,
        "longTermNetDebtIssuance":8387000000,
        "shortTermNetDebtIssuance":6664000000,
        "netStockIssuance":-2127000000,
        "netCommonStockIssuance":-2127000000,
        "commonStockIssuance":0,
        "commonStockRepurchased":-2127000000,
        "netPreferredStockIssuance":0,
        "netDividendsPaid":-2989000000,
        "commonDividendsPaid":-2989000000,
        "preferredDividendsPaid":0,
        "otherFinancingActivities":487000000,
        "netCashProvidedByFinancingActivities":10422000000,
        "effectOfForexChangesOnCash":70000000,
        "netChangeInCash":14369000000,
        "cashAtEndOfPeriod":38474000000,
        "cashAtBeginningOfPeriod":24105000000,
        "operatingCashFlow":4174000000,
        "capitalExpenditure":-809000000,
        "freeCashFlow":3365000000,
        "incomeTaxesPaid":0,
        "interestPaid":0,
        "symbol_2":"JNJ",
        "stockPrice":165.84,
        "numberOfShares":2405625000,
        "marketCapitalization":398948850000,
        "minusCashAndCashEquivalents":38474000000,
        "addTotalDebt":52252000000,
        "enterpriseValue":412726850000,
        "revenue_qoq":-2.7841918295,
        "revenue_yoy":2.3850722537,
        "netIncome_qoq":220.577091227,
        "netIncome_yoy":237.910906298,
        "operatingCashFlow_qoq":-40.2262637835,
        "operatingCashFlow_yoy":14.1372709871,
        "eps_qoq":219.5804195804,
        "eps_yoy":238.5185185185
    },
    {
        "date":"2024-12-31",
        "symbol":"JNJ",
        "reportedCurrency":"USD",
        "cik":"0000200406",
        "filingDate":"2025-02-13",
        "acceptedDate":"2025-02-13 16:07:39",
        "fiscalYear":"2024",
        "period":"Q4",
        "revenue":22520000000,
        "costOfRevenue":7128000000,
        "grossProfit":15392000000,
        "researchAndDevelopmentExpenses":5298000000,
        "generalAndAdministrativeExpenses":6253000000,
        "sellingAndMarketingExpenses":0,
        "sellingGeneralAndAdministrativeExpenses":6253000000,
        "otherExpenses":0,
        "operatingExpenses":11551000000,
        "costAndExpenses":18679000000,
        "netInterestIncome":144000000,
        "interestIncome":281000000,
        "interestExpense":137000000,
        "depreciationAndAmortization":1896000000,
        "ebitda":5920000000,
        "ebit":4024000000,
        "nonOperatingIncomeExcludingInterest":-183000000,
        "operatingIncome":3841000000,
        "totalOtherIncomeExpensesNet":46000000,
        "incomeBeforeTax":3887000000,
        "incomeTaxExpense":456000000,
        "netIncomeFromContinuingOperations":3431000000,
        "netIncomeFromDiscontinuedOperations":0,
        "otherAdjustmentsToNetIncome":0,
        "netIncome":3431000000,
        "netIncomeDeductions":0,
        "bottomLineNetIncome":3431000000,
        "eps":1.43,
        "epsDiluted":1.41,
        "weightedAverageShsOut":2406922000,
        "weightedAverageShsOutDil":2427100000,
        "symbol_1":"JNJ",
        "reportedCurrency_1":"USD",
        "cik_1":"0000200406",
        "filingDate_1":"2025-02-13",
        "acceptedDate_1":"2025-02-13 16:07:39",
        "fiscalYear_1":"2024",
        "period_1":"Q4",
        "netIncome_1":3431000000,
        "depreciationAndAmortization_1":1896000000,
        "deferredIncomeTax":-16000000,
        "stockBasedCompensation":238000000,
        "changeInWorkingCapital":798000000,
        "accountsReceivables":853000000,
        "inventory":-90000000,
        "accountsPayables":-1092000000,
        "otherWorkingCapital":1127000000,
        "otherNonCashItems":636000000,
        "netCashProvidedByOperatingActivities":6983000000,
        "investmentsInPropertyPlantAndEquipment":-1612000000,
        "acquisitionsNet":-1000000,
        "purchasesOfInvestments":-262000000,
        "salesMaturitiesOfInvestments":290000000,
        "otherInvestingActivities":265000000,
        "netCashProvidedByInvestingActivities":-1320000000,
        "netDebtIssuance":1535000000,
        "longTermNetDebtIssuance":-649000000,
        "shortTermNetDebtIssuance":2184000000,
        "netStockIssuance":-282000000,
        "netCommonStockIssuance":-282000000,
        "commonStockIssuance":0,
        "commonStockRepurchased":-282000000,
        "netPreferredStockIssuance":0,
        "netDividendsPaid":-2984000000,
        "commonDividendsPaid":-2984000000,
        "preferredDividendsPaid":0,
        "otherFinancingActivities":391000000,
        "netCashProvidedByFinancingActivities":-1340000000,
        "effectOfForexChangesOnCash":-198000000,
        "netChangeInCash":4125000000,
        "cashAtEndOfPeriod":24105000000,
        "cashAtBeginningOfPeriod":19980000000,
        "operatingCashFlow":6983000000,
        "capitalExpenditure":-2145000000,
        "freeCashFlow":4838000000,
        "incomeTaxesPaid":0,
        "interestPaid":0,
        "symbol_2":"JNJ",
        "stockPrice":144.62,
        "numberOfShares":2406922000,
        "marketCapitalization":348089059640,
        "minusCashAndCashEquivalents":24105000000,
        "addTotalDebt":36634000000,
        "enterpriseValue":360618059640,
        "revenue_qoq":0.2180588314,
        "revenue_yoy":5.2582379061,
        "netIncome_qoq":27.3570898293,
        "netIncome_yoy":-15.2630279081,
        "operatingCashFlow_qoq":-12.6360565495,
        "operatingCashFlow_yoy":-11.1916571283,
        "eps_qoq":27.6785714286,
        "eps_yoy":-14.880952381
    },
    {
        "date":"2024-09-29",
        "symbol":"JNJ",
        "reportedCurrency":"USD",
        "cik":"0000200406",
        "filingDate":"2024-10-23",
        "acceptedDate":"2024-10-23 16:02:27",
        "fiscalYear":"2024",
        "period":"Q3",
        "revenue":22471000000,
        "costOfRevenue":6963000000,
        "grossProfit":15508000000,
        "researchAndDevelopmentExpenses":4952000000,
        "generalAndAdministrativeExpenses":5278000000,
        "sellingAndMarketingExpenses":0,
        "sellingGeneralAndAdministrativeExpenses":5278000000,
        "otherExpenses":0,
        "operatingExpenses":10230000000,
        "costAndExpenses":17193000000,
        "netInterestIncome":99000000,
        "interestIncome":292000000,
        "interestExpense":193000000,
        "depreciationAndAmortization":1846000000,
        "ebitda":5377000000,
        "ebit":3531000000,
        "nonOperatingIncomeExcludingInterest":1747000000,
        "operatingIncome":5278000000,
        "totalOtherIncomeExpensesNet":-1940000000,
        "incomeBeforeTax":3338000000,
        "incomeTaxExpense":644000000,
        "netIncomeFromContinuingOperations":2694000000,
        "netIncomeFromDiscontinuedOperations":0,
        "otherAdjustmentsToNetIncome":0,
        "netIncome":2694000000,
        "netIncomeDeductions":0,
        "bottomLineNetIncome":2694000000,
        "eps":1.12,
        "epsDiluted":1.11,
        "weightedAverageShsOut":2407298000,
        "weightedAverageShsOutDil":2427900000,
        "symbol_1":"JNJ",
        "reportedCurrency_1":"USD",
        "cik_1":"0000200406",
        "filingDate_1":"2024-10-23",
        "acceptedDate_1":"2024-10-23 16:02:27",
        "fiscalYear_1":"2024",
        "period_1":"Q3",
        "netIncome_1":2694000000,
        "depreciationAndAmortization_1":1846000000,
        "deferredIncomeTax":90000000,
        "stockBasedCompensation":295000000,
        "changeInWorkingCapital":1829000000,
        "accountsReceivables":-96000000,
        "inventory":-299000000,
        "accountsPayables":2264000000,
        "otherWorkingCapital":-40000000,
        "otherNonCashItems":1239000000,
        "netCashProvidedByOperatingActivities":7993000000,
        "investmentsInPropertyPlantAndEquipment":-1836000000,
        "acquisitionsNet":-338000000,
        "purchasesOfInvestments":-280000000,
        "salesMaturitiesOfInvestments":466000000,
        "otherInvestingActivities":-1140000000,
        "netCashProvidedByInvestingActivities":-3128000000,
        "netDebtIssuance":-7401000000,
        "longTermNetDebtIssuance":-970000000,
        "shortTermNetDebtIssuance":-6431000000,
        "netStockIssuance":-539000000,
        "netCommonStockIssuance":-539000000,
        "commonStockIssuance":0,
        "commonStockRepurchased":-539000000,
        "netPreferredStockIssuance":0,
        "netDividendsPaid":-2985000000,
        "commonDividendsPaid":-2985000000,
        "preferredDividendsPaid":0,
        "otherFinancingActivities":1043000000,
        "netCashProvidedByFinancingActivities":-9882000000,
        "effectOfForexChangesOnCash":119000000,
        "netChangeInCash":-4898000000,
        "cashAtEndOfPeriod":19980000000,
        "cashAtBeginningOfPeriod":24878000000,
        "operatingCashFlow":7993000000,
        "capitalExpenditure":-2279000000,
        "freeCashFlow":5714000000,
        "incomeTaxesPaid":0,
        "interestPaid":0,
        "symbol_2":"JNJ",
        "stockPrice":162.06,
        "numberOfShares":2407298000,
        "marketCapitalization":390126713880,
        "minusCashAndCashEquivalents":19980000000,
        "addTotalDebt":35751000000,
        "enterpriseValue":405897713880,
        "revenue_qoq":0.1069185192,
        "revenue_yoy":5.2456559412,
        "netIncome_qoq":-42.509603073,
        "netIncome_yoy":-89.6496081143,
        "operatingCashFlow_qoq":41.8959701758,
        "operatingCashFlow_yoy":6.7298704767,
        "eps_qoq":-42.5641025641,
        "eps_yoy":-89.1472868217
    },
    {
        "date":"2024-06-30",
        "symbol":"JNJ",
        "reportedCurrency":"USD",
        "cik":"0000200406",
        "filingDate":"2024-07-25",
        "acceptedDate":"2024-07-25 16:02:29",
        "fiscalYear":"2024",
        "period":"Q2",
        "revenue":22447000000,
        "costOfRevenue":6869000000,
        "grossProfit":15578000000,
        "researchAndDevelopmentExpenses":3440000000,
        "generalAndAdministrativeExpenses":5481000000,
        "sellingAndMarketingExpenses":0,
        "sellingGeneralAndAdministrativeExpenses":5481000000,
        "otherExpenses":0,
        "operatingExpenses":8921000000,
        "costAndExpenses":15790000000,
        "netInterestIncome":125000000,
        "interestIncome":395000000,
        "interestExpense":270000000,
        "depreciationAndAmortization":1782000000,
        "ebitda":7800000000,
        "ebit":6018000000,
        "nonOperatingIncomeExcludingInterest":639000000,
        "operatingIncome":6657000000,
        "totalOtherIncomeExpensesNet":-909000000,
        "incomeBeforeTax":5748000000,
        "incomeTaxExpense":1062000000,
        "netIncomeFromContinuingOperations":4686000000,
        "netIncomeFromDiscontinuedOperations":0,
        "otherAdjustmentsToNetIncome":0,
        "netIncome":4686000000,
        "netIncomeDeductions":0,
        "bottomLineNetIncome":4686000000,
        "eps":1.95,
        "epsDiluted":1.93,
        "weightedAverageShsOut":2406800000,
        "weightedAverageShsOutDil":2422000000,
        "symbol_1":"JNJ",
        "reportedCurrency_1":"USD",
        "cik_1":"0000200406",
        "filingDate_1":"2024-07-25",
        "acceptedDate_1":"2024-07-25 16:02:29",
        "fiscalYear_1":"2024",
        "period_1":"Q2",
        "netIncome_1":4686000000,
        "depreciationAndAmortization_1":1782000000,
        "deferredIncomeTax":-695000000,
        "stockBasedCompensation":341000000,
        "changeInWorkingCapital":-452000000,
        "accountsReceivables":-884000000,
        "inventory":-391000000,
        "accountsPayables":2932000000,
        "otherWorkingCapital":-2109000000,
        "otherNonCashItems":-29000000,
        "netCashProvidedByOperatingActivities":5633000000,
        "investmentsInPropertyPlantAndEquipment":-976000000,
        "acquisitionsNet":-12633000000,
        "purchasesOfInvestments":-554000000,
        "salesMaturitiesOfInvestments":727000000,
        "otherInvestingActivities":-251000000,
        "netCashProvidedByInvestingActivities":-13687000000,
        "netDebtIssuance":11543000000,
        "longTermNetDebtIssuance":5855000000,
        "shortTermNetDebtIssuance":5688000000,
        "netStockIssuance":-136000000,
        "netCommonStockIssuance":-136000000,
        "commonStockIssuance":0,
        "commonStockRepurchased":-136000000,
        "netPreferredStockIssuance":0,
        "netDividendsPaid":-2985000000,
        "commonDividendsPaid":-2985000000,
        "preferredDividendsPaid":0,
        "otherFinancingActivities":-878000000,
        "netCashProvidedByFinancingActivities":7544000000,
        "effectOfForexChangesOnCash":-85000000,
        "netChangeInCash":-595000000,
        "cashAtEndOfPeriod":24878000000,
        "cashAtBeginningOfPeriod":25473000000,
        "operatingCashFlow":5633000000,
        "capitalExpenditure":-976000000,
        "freeCashFlow":4657000000,
        "incomeTaxesPaid":0,
        "interestPaid":0,
        "symbol_2":"JNJ",
        "stockPrice":146.44,
        "numberOfShares":2406800000,
        "marketCapitalization":352451792000,
        "minusCashAndCashEquivalents":24878000000,
        "addTotalDebt":41491000000,
        "enterpriseValue":369064792000,
        "revenue_qoq":4.9759154469,
        "revenue_yoy":4.3124680515,
        "netIncome_qoq":43.9631336406,
        "netIncome_yoy":-8.9035769829,
        "operatingCashFlow_qoq":54.0333606782,
        "operatingCashFlow_yoy":34.6963175514,
        "eps_qoq":44.4444444444,
        "eps_yoy":-1.5151515152
    },
    {
        "date":"2024-03-31",
        "symbol":"JNJ",
        "reportedCurrency":"USD",
        "cik":"0000200406",
        "filingDate":"2024-05-01",
        "acceptedDate":"2024-05-01 07:09:36",
        "fiscalYear":"2024",
        "period":"Q1",
        "revenue":21383000000,
        "costOfRevenue":6511000000,
        "grossProfit":14872000000,
        "researchAndDevelopmentExpenses":3542000000,
        "generalAndAdministrativeExpenses":5057000000,
        "sellingAndMarketingExpenses":0,
        "sellingGeneralAndAdministrativeExpenses":5057000000,
        "otherExpenses":0,
        "operatingExpenses":8599000000,
        "costAndExpenses":15110000000,
        "netInterestIncome":209000000,
        "interestIncome":364000000,
        "interestExpense":155000000,
        "depreciationAndAmortization":1815000000,
        "ebitda":5684000000,
        "ebit":3869000000,
        "nonOperatingIncomeExcludingInterest":2404000000,
        "operatingIncome":6273000000,
        "totalOtherIncomeExpensesNet":-2559000000,
        "incomeBeforeTax":3714000000,
        "incomeTaxExpense":459000000,
        "netIncomeFromContinuingOperations":3255000000,
        "netIncomeFromDiscontinuedOperations":0,
        "otherAdjustmentsToNetIncome":0,
        "netIncome":3255000000,
        "netIncomeDeductions":0,
        "bottomLineNetIncome":3255000000,
        "eps":1.35,
        "epsDiluted":1.34,
        "weightedAverageShsOut":2408200000,
        "weightedAverageShsOutDil":2430100000,
        "symbol_1":"JNJ",
        "reportedCurrency_1":"USD",
        "cik_1":"0000200406",
        "filingDate_1":"2024-05-01",
        "acceptedDate_1":"2024-05-01 07:09:36",
        "fiscalYear_1":"2024",
        "period_1":"Q1",
        "netIncome_1":3255000000,
        "depreciationAndAmortization_1":1815000000,
        "deferredIncomeTax":-1562000000,
        "stockBasedCompensation":302000000,
        "changeInWorkingCapital":-338000000,
        "accountsReceivables":-279000000,
        "inventory":-348000000,
        "accountsPayables":-2483000000,
        "otherWorkingCapital":2772000000,
        "otherNonCashItems":185000000,
        "netCashProvidedByOperatingActivities":3657000000,
        "investmentsInPropertyPlantAndEquipment":-807000000,
        "acquisitionsNet":-1601000000,
        "purchasesOfInvestments":-630000000,
        "salesMaturitiesOfInvestments":979000000,
        "otherInvestingActivities":1595000000,
        "netCashProvidedByInvestingActivities":-464000000,
        "netDebtIssuance":4374000000,
        "longTermNetDebtIssuance":1000000,
        "shortTermNetDebtIssuance":4373000000,
        "netStockIssuance":-1475000000,
        "netCommonStockIssuance":-1475000000,
        "commonStockIssuance":0,
        "commonStockRepurchased":-1475000000,
        "netPreferredStockIssuance":0,
        "netDividendsPaid":-2869000000,
        "commonDividendsPaid":-2869000000,
        "preferredDividendsPaid":0,
        "otherFinancingActivities":516000000,
        "netCashProvidedByFinancingActivities":546000000,
        "effectOfForexChangesOnCash":-125000000,
        "netChangeInCash":3614000000,
        "cashAtEndOfPeriod":25473000000,
        "cashAtBeginningOfPeriod":21859000000,
        "operatingCashFlow":3657000000,
        "capitalExpenditure":-807000000,
        "freeCashFlow":2850000000,
        "incomeTaxesPaid":0,
        "interestPaid":0,
        "symbol_2":"JNJ",
        "stockPrice":157.78,
        "numberOfShares":2408200000,
        "marketCapitalization":379965796000,
        "minusCashAndCashEquivalents":25473000000,
        "addTotalDebt":33632000000,
        "enterpriseValue":388124796000,
        "revenue_qoq":-0.056087871,
        "revenue_yoy":2.3403847995,
        "netIncome_qoq":-19.6097801926,
        "netIncome_yoy":-4886.7647058824,
        "operatingCashFlow_qoq":-53.4910339565,
        "operatingCashFlow_yoy":12.2812404053,
        "eps_qoq":-19.6428571429,
        "eps_yoy":-4600.0
    },
    {
        "date":"2023-12-31",
        "symbol":"JNJ",
        "reportedCurrency":"USD",
        "cik":"0000200406",
        "filingDate":"2024-02-16",
        "acceptedDate":"2024-02-16 16:12:22",
        "fiscalYear":"2023",
        "period":"Q4",
        "revenue":21395000000,
        "costOfRevenue":6798000000,
        "grossProfit":14597000000,
        "researchAndDevelopmentExpenses":4480000000,
        "generalAndAdministrativeExpenses":5510000000,
        "sellingAndMarketingExpenses":0,
        "sellingGeneralAndAdministrativeExpenses":5510000000,
        "otherExpenses":0,
        "operatingExpenses":9990000000,
        "costAndExpenses":16788000000,
        "netInterestIncome":212000000,
        "interestIncome":363000000,
        "interestExpense":151000000,
        "depreciationAndAmortization":1843000000,
        "ebitda":6820000000,
        "ebit":4977000000,
        "nonOperatingIncomeExcludingInterest":-370000000,
        "operatingIncome":4607000000,
        "totalOtherIncomeExpensesNet":219000000,
        "incomeBeforeTax":4826000000,
        "incomeTaxExpense":694000000,
        "netIncomeFromContinuingOperations":4132000000,
        "netIncomeFromDiscontinuedOperations":-83000000,
        "otherAdjustmentsToNetIncome":0,
        "netIncome":4049000000,
        "netIncomeDeductions":0,
        "bottomLineNetIncome":4049000000,
        "eps":1.68,
        "epsDiluted":1.67,
        "weightedAverageShsOut":2407200000,
        "weightedAverageShsOutDil":2430700000,
        "symbol_1":"JNJ",
        "reportedCurrency_1":"USD",
        "cik_1":"0000200406",
        "filingDate_1":"2024-02-16",
        "acceptedDate_1":"2024-02-16 16:12:22",
        "fiscalYear_1":"2023",
        "period_1":"Q4",
        "netIncome_1":4132000000,
        "depreciationAndAmortization_1":1843000000,
        "deferredIncomeTax":-2412000000,
        "stockBasedCompensation":178000000,
        "changeInWorkingCapital":3247000000,
        "accountsReceivables":227000000,
        "inventory":124000000,
        "accountsPayables":1682000000,
        "otherWorkingCapital":1214000000,
        "otherNonCashItems":875000000,
        "netCashProvidedByOperatingActivities":7863000000,
        "investmentsInPropertyPlantAndEquipment":-1589000000,
        "acquisitionsNet":121000000,
        "purchasesOfInvestments":-925000000,
        "salesMaturitiesOfInvestments":3603000000,
        "otherInvestingActivities":-2412000000,
        "netCashProvidedByInvestingActivities":-1202000000,
        "netDebtIssuance":-1096000000,
        "longTermNetDebtIssuance":-1049000000,
        "shortTermNetDebtIssuance":-47000000,
        "netStockIssuance":-216000000,
        "netCommonStockIssuance":-216000000,
        "commonStockIssuance":0,
        "commonStockRepurchased":-216000000,
        "netPreferredStockIssuance":0,
        "netDividendsPaid":-2865000000,
        "commonDividendsPaid":-2865000000,
        "preferredDividendsPaid":0,
        "otherFinancingActivities":-478000000,
        "netCashProvidedByFinancingActivities":-4655000000,
        "effectOfForexChangesOnCash":125000000,
        "netChangeInCash":2131000000,
        "cashAtEndOfPeriod":21859000000,
        "cashAtBeginningOfPeriod":19728000000,
        "operatingCashFlow":7863000000,
        "capitalExpenditure":-1589000000,
        "freeCashFlow":6274000000,
        "incomeTaxesPaid":0,
        "interestPaid":0,
        "symbol_2":"JNJ",
        "stockPrice":156.74,
        "numberOfShares":2407200000,
        "marketCapitalization":377304528000,
        "minusCashAndCashEquivalents":21859000000,
        "addTotalDebt":29332000000,
        "enterpriseValue":384777528000,
        "revenue_qoq":0.2060793405,
        "revenue_yoy":-9.7485868556,
        "netIncome_qoq":-84.4436760412,
        "netIncome_yoy":15.0284090909,
        "operatingCashFlow_qoq":4.9939911871,
        "operatingCashFlow_yoy":46.9719626168,
        "eps_qoq":-83.7209302326,
        "eps_yoy":24.4444444444
    },
    {
        "date":"2023-10-01",
        "symbol":"JNJ",
        "reportedCurrency":"USD",
        "cik":"0000200406",
        "filingDate":"2023-10-27",
        "acceptedDate":"2023-10-27 16:11:34",
        "fiscalYear":"2023",
        "period":"Q3",
        "revenue":21351000000,
        "costOfRevenue":6606000000,
        "grossProfit":14745000000,
        "researchAndDevelopmentExpenses":3447000000,
        "generalAndAdministrativeExpenses":5100000000,
        "sellingAndMarketingExpenses":0,
        "sellingGeneralAndAdministrativeExpenses":5100000000,
        "otherExpenses":0,
        "operatingExpenses":8547000000,
        "costAndExpenses":15153000000,
        "netInterestIncome":182000000,
        "interestIncome":374000000,
        "interestExpense":192000000,
        "depreciationAndAmortization":1829000000,
        "ebitda":7238000000,
        "ebit":5409000000,
        "nonOperatingIncomeExcludingInterest":789000000,
        "operatingIncome":6198000000,
        "totalOtherIncomeExpensesNet":-981000000,
        "incomeBeforeTax":5217000000,
        "incomeTaxExpense":908000000,
        "netIncomeFromContinuingOperations":4309000000,
        "netIncomeFromDiscontinuedOperations":21719000000,
        "otherAdjustmentsToNetIncome":0,
        "netIncome":26028000000,
        "netIncomeDeductions":0,
        "bottomLineNetIncome":26028000000,
        "eps":10.32,
        "epsDiluted":10.21,
        "weightedAverageShsOut":2522900000,
        "weightedAverageShsOutDil":2549700000,
        "symbol_1":"JNJ",
        "reportedCurrency_1":"USD",
        "cik_1":"0000200406",
        "filingDate_1":"2023-10-27",
        "acceptedDate_1":"2023-10-27 16:11:34",
        "fiscalYear_1":"2023",
        "period_1":"Q3",
        "netIncome_1":4309000000,
        "depreciationAndAmortization_1":1829000000,
        "deferredIncomeTax":560000000,
        "stockBasedCompensation":296000000,
        "changeInWorkingCapital":-602000000,
        "accountsReceivables":-252000000,
        "inventory":-706000000,
        "accountsPayables":1725000000,
        "otherWorkingCapital":-1369000000,
        "otherNonCashItems":1097000000,
        "netCashProvidedByOperatingActivities":7489000000,
        "investmentsInPropertyPlantAndEquipment":-967000000,
        "acquisitionsNet":121000000,
        "purchasesOfInvestments":-293000000,
        "salesMaturitiesOfInvestments":3910000000,
        "otherInvestingActivities":-230000000,
        "netCashProvidedByInvestingActivities":2541000000,
        "netDebtIssuance":-7421000000,
        "longTermNetDebtIssuance":-7675000000,
        "shortTermNetDebtIssuance":254000000,
        "netStockIssuance":-920000000,
        "netCommonStockIssuance":-920000000,
        "commonStockIssuance":0,
        "commonStockRepurchased":-920000000,
        "netPreferredStockIssuance":0,
        "netDividendsPaid":-2871000000,
        "commonDividendsPaid":-2871000000,
        "preferredDividendsPaid":0,
        "otherFinancingActivities":-105000000,
        "netCashProvidedByFinancingActivities":-11317000000,
        "effectOfForexChangesOnCash":-168000000,
        "netChangeInCash":-1455000000,
        "cashAtEndOfPeriod":19728000000,
        "cashAtBeginningOfPeriod":21183000000,
        "operatingCashFlow":7489000000,
        "capitalExpenditure":-967000000,
        "freeCashFlow":6522000000,
        "incomeTaxesPaid":0,
        "interestPaid":0,
        "symbol_2":"JNJ",
        "stockPrice":155.15,
        "numberOfShares":2522900000,
        "marketCapitalization":391427935000,
        "minusCashAndCashEquivalents":19728000000,
        "addTotalDebt":29921000000,
        "enterpriseValue":401620935000,
        "revenue_qoq":-0.7807054231,
        "revenue_yoy":6.7763552711,
        "netIncome_qoq":405.9875583204,
        "netIncome_yoy":483.8492597577,
        "operatingCashFlow_qoq":79.0769966523,
        "operatingCashFlow_yoy":19.1756842775,
        "eps_qoq":421.2121212121,
        "eps_yoy":507.0588235294
    },
    {
        "date":"2023-07-02",
        "symbol":"JNJ",
        "reportedCurrency":"USD",
        "cik":"0000200406",
        "filingDate":"2023-07-31",
        "acceptedDate":"2023-07-31 16:06:04",
        "fiscalYear":"2023",
        "period":"Q2",
        "revenue":21519000000,
        "costOfRevenue":6462000000,
        "grossProfit":15057000000,
        "researchAndDevelopmentExpenses":3703000000,
        "generalAndAdministrativeExpenses":4996000000,
        "sellingAndMarketingExpenses":0,
        "sellingGeneralAndAdministrativeExpenses":4996000000,
        "otherExpenses":0,
        "operatingExpenses":8699000000,
        "costAndExpenses":15161000000,
        "netInterestIncome":109000000,
        "interestIncome":326000000,
        "interestExpense":217000000,
        "depreciationAndAmortization":1934000000,
        "ebitda":8457000000,
        "ebit":6523000000,
        "nonOperatingIncomeExcludingInterest":-165000000,
        "operatingIncome":6358000000,
        "totalOtherIncomeExpensesNet":-52000000,
        "incomeBeforeTax":6306000000,
        "incomeTaxExpense":930000000,
        "netIncomeFromContinuingOperations":5376000000,
        "netIncomeFromDiscontinuedOperations":-232000000,
        "otherAdjustmentsToNetIncome":0,
        "netIncome":5144000000,
        "netIncomeDeductions":0,
        "bottomLineNetIncome":5144000000,
        "eps":1.98,
        "epsDiluted":1.96,
        "weightedAverageShsOut":2598400000,
        "weightedAverageShsOutDil":2625700000,
        "symbol_1":"JNJ",
        "reportedCurrency_1":"USD",
        "cik_1":"0000200406",
        "filingDate_1":"2023-07-31",
        "acceptedDate_1":"2023-07-31 16:06:04",
        "fiscalYear_1":"2023",
        "period_1":"Q2",
        "netIncome_1":5144000000,
        "depreciationAndAmortization_1":1934000000,
        "deferredIncomeTax":-799000000,
        "stockBasedCompensation":382000000,
        "changeInWorkingCapital":-2401000000,
        "accountsReceivables":-545000000,
        "inventory":-217000000,
        "accountsPayables":1511000000,
        "otherWorkingCapital":-3150000000,
        "otherNonCashItems":-78000000,
        "netCashProvidedByOperatingActivities":4182000000,
        "investmentsInPropertyPlantAndEquipment":-1124000000,
        "acquisitionsNet":76000000,
        "purchasesOfInvestments":-5914000000,
        "salesMaturitiesOfInvestments":4111000000,
        "otherInvestingActivities":-925000000,
        "netCashProvidedByInvestingActivities":-3776000000,
        "netDebtIssuance":-7097000000,
        "longTermNetDebtIssuance":-1000000,
        "shortTermNetDebtIssuance":-7096000000,
        "netStockIssuance":-381000000,
        "netCommonStockIssuance":-381000000,
        "commonStockIssuance":0,
        "commonStockRepurchased":-381000000,
        "netPreferredStockIssuance":0,
        "netDividendsPaid":-3092000000,
        "commonDividendsPaid":-3092000000,
        "preferredDividendsPaid":0,
        "otherFinancingActivities":4579000000,
        "netCashProvidedByFinancingActivities":-5991000000,
        "effectOfForexChangesOnCash":-97000000,
        "netChangeInCash":-5682000000,
        "cashAtEndOfPeriod":21183000000,
        "cashAtBeginningOfPeriod":26865000000,
        "operatingCashFlow":4182000000,
        "capitalExpenditure":-1124000000,
        "freeCashFlow":3058000000,
        "incomeTaxesPaid":0,
        "interestPaid":0,
        "symbol_2":"JNJ",
        "stockPrice":163.35,
        "numberOfShares":2598400000,
        "marketCapitalization":424448640000,
        "minusCashAndCashEquivalents":21183000000,
        "addTotalDebt":45602000000,
        "enterpriseValue":448867640000,
        "revenue_qoq":2.9912893654,
        "revenue_yoy":-10.4121565362,
        "netIncome_qoq":-7664.7058823529,
        "netIncome_yoy":6.8550062318,
        "operatingCashFlow_qoq":28.4003684372,
        "operatingCashFlow_yoy":-25.0671922595,
        "eps_qoq":-6700.0,
        "eps_yoy":8.1967213115
    },
    {
        "date":"2023-04-02",
        "symbol":"JNJ",
        "reportedCurrency":"USD",
        "cik":"0000200406",
        "filingDate":"2023-04-28",
        "acceptedDate":"2023-04-28 16:07:02",
        "fiscalYear":"2023",
        "period":"Q1",
        "revenue":20894000000,
        "costOfRevenue":6687000000,
        "grossProfit":14207000000,
        "researchAndDevelopmentExpenses":3455000000,
        "generalAndAdministrativeExpenses":4506000000,
        "sellingAndMarketingExpenses":0,
        "sellingGeneralAndAdministrativeExpenses":4506000000,
        "otherExpenses":0,
        "operatingExpenses":7961000000,
        "costAndExpenses":14648000000,
        "netInterestIncome":-14000000,
        "interestIncome":198000000,
        "interestExpense":212000000,
        "depreciationAndAmortization":1880000000,
        "ebitda":805000000,
        "ebit":-1075000000,
        "nonOperatingIncomeExcludingInterest":7321000000,
        "operatingIncome":6246000000,
        "totalOtherIncomeExpensesNet":-7533000000,
        "incomeBeforeTax":-1287000000,
        "incomeTaxExpense":-796000000,
        "netIncomeFromContinuingOperations":-491000000,
        "netIncomeFromDiscontinuedOperations":423000000,
        "otherAdjustmentsToNetIncome":0,
        "netIncome":-68000000,
        "netIncomeDeductions":0,
        "bottomLineNetIncome":-68000000,
        "eps":-0.03,
        "epsDiluted":-0.03,
        "weightedAverageShsOut":2605500000,
        "weightedAverageShsOutDil":2605500000,
        "symbol_1":"JNJ",
        "reportedCurrency_1":"USD",
        "cik_1":"0000200406",
        "filingDate_1":"2023-04-28",
        "acceptedDate_1":"2023-04-28 16:07:02",
        "fiscalYear_1":"2023",
        "period_1":"Q1",
        "netIncome_1":-68000000,
        "depreciationAndAmortization_1":1880000000,
        "deferredIncomeTax":-1543000000,
        "stockBasedCompensation":306000000,
        "changeInWorkingCapital":2263000000,
        "accountsReceivables":-54000000,
        "inventory":-524000000,
        "accountsPayables":-2572000000,
        "otherWorkingCapital":5413000000,
        "otherNonCashItems":419000000,
        "netCashProvidedByOperatingActivities":3257000000,
        "investmentsInPropertyPlantAndEquipment":-863000000,
        "acquisitionsNet":40000000,
        "purchasesOfInvestments":-3774000000,
        "salesMaturitiesOfInvestments":7766000000,
        "otherInvestingActivities":146000000,
        "netCashProvidedByInvestingActivities":3315000000,
        "netDebtIssuance":12880000000,
        "longTermNetDebtIssuance":7174000000,
        "shortTermNetDebtIssuance":5706000000,
        "netStockIssuance":-3537000000,
        "netCommonStockIssuance":-3537000000,
        "commonStockIssuance":0,
        "commonStockRepurchased":-3537000000,
        "netPreferredStockIssuance":0,
        "netDividendsPaid":-2942000000,
        "commonDividendsPaid":-2942000000,
        "preferredDividendsPaid":0,
        "otherFinancingActivities":-263000000,
        "netCashProvidedByFinancingActivities":6138000000,
        "effectOfForexChangesOnCash":28000000,
        "netChangeInCash":12738000000,
        "cashAtEndOfPeriod":26865000000,
        "cashAtBeginningOfPeriod":14127000000,
        "operatingCashFlow":3257000000,
        "capitalExpenditure":-863000000,
        "freeCashFlow":2394000000,
        "incomeTaxesPaid":0,
        "interestPaid":0,
        "symbol_2":"JNJ",
        "stockPrice":156.85,
        "numberOfShares":2605500000,
        "marketCapitalization":408672675000,
        "minusCashAndCashEquivalents":19170000000,
        "addTotalDebt":52907000000,
        "enterpriseValue":442409675000,
        "revenue_qoq":-11.8619758711,
        "revenue_yoy":-10.8085033723,
        "netIncome_qoq":-101.9318181818,
        "netIncome_yoy":-101.3206447854,
        "operatingCashFlow_qoq":-39.1214953271,
        "operatingCashFlow_yoy":-18.1452626288,
        "eps_qoq":-102.2222222222,
        "eps_yoy":-101.5306122449
    },
    {
        "date":"2022-12-31",
        "symbol":"JNJ",
        "reportedCurrency":"USD",
        "cik":"0000200406",
        "filingDate":"2023-02-16",
        "acceptedDate":"2023-02-16 16:01:53",
        "fiscalYear":"2022",
        "period":"Q4",
        "revenue":23706000000,
        "costOfRevenue":7765000000,
        "grossProfit":15941000000,
        "researchAndDevelopmentExpenses":4624000000,
        "generalAndAdministrativeExpenses":7412000000,
        "sellingAndMarketingExpenses":0,
        "sellingGeneralAndAdministrativeExpenses":7412000000,
        "otherExpenses":0,
        "operatingExpenses":12036000000,
        "costAndExpenses":19801000000,
        "netInterestIncome":77000000,
        "interestIncome":254000000,
        "interestExpense":177000000,
        "depreciationAndAmortization":1772000000,
        "ebitda":6150000000,
        "ebit":4378000000,
        "nonOperatingIncomeExcludingInterest":-473000000,
        "operatingIncome":3905000000,
        "totalOtherIncomeExpensesNet":296000000,
        "incomeBeforeTax":4201000000,
        "incomeTaxExpense":681000000,
        "netIncomeFromContinuingOperations":3520000000,
        "netIncomeFromDiscontinuedOperations":0,
        "otherAdjustmentsToNetIncome":0,
        "netIncome":3520000000,
        "netIncomeDeductions":0,
        "bottomLineNetIncome":3520000000,
        "eps":1.35,
        "epsDiluted":1.33,
        "weightedAverageShsOut":2613597000,
        "weightedAverageShsOutDil":2663900000,
        "symbol_1":"JNJ",
        "reportedCurrency_1":"USD",
        "cik_1":"0000200406",
        "filingDate_1":"2023-02-16",
        "acceptedDate_1":"2023-02-16 16:01:53",
        "fiscalYear_1":"2022",
        "period_1":"Q4",
        "netIncome_1":3520000000,
        "depreciationAndAmortization_1":1772000000,
        "deferredIncomeTax":825000000,
        "stockBasedCompensation":213000000,
        "changeInWorkingCapital":-1239000000,
        "accountsReceivables":301000000,
        "inventory":-650000000,
        "accountsPayables":957000000,
        "otherWorkingCapital":-1847000000,
        "otherNonCashItems":259000000,
        "netCashProvidedByOperatingActivities":5350000000,
        "investmentsInPropertyPlantAndEquipment":-1587000000,
        "acquisitionsNet":-17130000000,
        "purchasesOfInvestments":-1221000000,
        "salesMaturitiesOfInvestments":15285000000,
        "otherInvestingActivities":256000000,
        "netCashProvidedByInvestingActivities":-4397000000,
        "netDebtIssuance":7293000000,
        "longTermNetDebtIssuance":0,
        "shortTermNetDebtIssuance":7293000000,
        "netStockIssuance":-1320000000,
        "netCommonStockIssuance":-1320000000,
        "commonStockIssuance":0,
        "commonStockRepurchased":-1320000000,
        "netPreferredStockIssuance":0,
        "netDividendsPaid":-2954000000,
        "commonDividendsPaid":-2954000000,
        "preferredDividendsPaid":0,
        "otherFinancingActivities":-1319000000,
        "netCashProvidedByFinancingActivities":1700000000,
        "effectOfForexChangesOnCash":119000000,
        "netChangeInCash":2772000000,
        "cashAtEndOfPeriod":14127000000,
        "cashAtBeginningOfPeriod":11355000000,
        "operatingCashFlow":5350000000,
        "capitalExpenditure":-1587000000,
        "freeCashFlow":3763000000,
        "incomeTaxesPaid":0,
        "interestPaid":0,
        "symbol_2":"JNJ",
        "stockPrice":176.65,
        "numberOfShares":2613597000,
        "marketCapitalization":461691910050,
        "minusCashAndCashEquivalents":12889000000,
        "addTotalDebt":39642000000,
        "enterpriseValue":488444910050,
        "revenue_qoq":18.5537107421,
        "revenue_yoy":-4.4267053701,
        "netIncome_qoq":-21.0408254823,
        "netIncome_yoy":-25.6756756757,
        "operatingCashFlow_qoq":-14.863144494,
        "operatingCashFlow_yoy":-6.6643405443,
        "eps_qoq":-20.5882352941,
        "eps_yoy":-25.0
    },
    {
        "date":"2022-10-02",
        "symbol":"JNJ",
        "reportedCurrency":"USD",
        "cik":"0000200406",
        "filingDate":"2022-10-27",
        "acceptedDate":"2022-10-27 16:02:59",
        "fiscalYear":"2022",
        "period":"Q3",
        "revenue":19996000000,
        "costOfRevenue":6172000000,
        "grossProfit":13824000000,
        "researchAndDevelopmentExpenses":3485000000,
        "generalAndAdministrativeExpenses":4675000000,
        "sellingAndMarketingExpenses":0,
        "sellingGeneralAndAdministrativeExpenses":4675000000,
        "otherExpenses":0,
        "operatingExpenses":8160000000,
        "costAndExpenses":14332000000,
        "netInterestIncome":99000000,
        "interestIncome":150000000,
        "interestExpense":51000000,
        "depreciationAndAmortization":1685000000,
        "ebitda":6908000000,
        "ebit":5223000000,
        "nonOperatingIncomeExcludingInterest":441000000,
        "operatingIncome":5664000000,
        "totalOtherIncomeExpensesNet":-492000000,
        "incomeBeforeTax":5172000000,
        "incomeTaxExpense":862000000,
        "netIncomeFromContinuingOperations":4310000000,
        "netIncomeFromDiscontinuedOperations":148000000,
        "otherAdjustmentsToNetIncome":0,
        "netIncome":4458000000,
        "netIncomeDeductions":0,
        "bottomLineNetIncome":4458000000,
        "eps":1.7,
        "epsDiluted":1.68,
        "weightedAverageShsOut":2616882000,
        "weightedAverageShsOutDil":2661300000,
        "symbol_1":"JNJ",
        "reportedCurrency_1":"USD",
        "cik_1":"0000200406",
        "filingDate_1":"2022-10-27",
        "acceptedDate_1":"2022-10-27 16:02:59",
        "fiscalYear_1":"2022",
        "period_1":"Q3",
        "netIncome_1":4458000000,
        "depreciationAndAmortization_1":1685000000,
        "deferredIncomeTax":-139000000,
        "stockBasedCompensation":281000000,
        "changeInWorkingCapital":-30000000,
        "accountsReceivables":-205000000,
        "inventory":-620000000,
        "accountsPayables":1311000000,
        "otherWorkingCapital":-516000000,
        "otherNonCashItems":29000000,
        "netCashProvidedByOperatingActivities":6284000000,
        "investmentsInPropertyPlantAndEquipment":-952000000,
        "acquisitionsNet":1000000,
        "purchasesOfInvestments":-9105000000,
        "salesMaturitiesOfInvestments":8690000000,
        "otherInvestingActivities":-335000000,
        "netCashProvidedByInvestingActivities":-1701000000,
        "netDebtIssuance":119000000,
        "longTermNetDebtIssuance":-2000000,
        "shortTermNetDebtIssuance":121000000,
        "netStockIssuance":-2165000000,
        "netCommonStockIssuance":-2165000000,
        "commonStockIssuance":0,
        "commonStockRepurchased":-2165000000,
        "netPreferredStockIssuance":0,
        "netDividendsPaid":-2970000000,
        "commonDividendsPaid":-2970000000,
        "preferredDividendsPaid":0,
        "otherFinancingActivities":1091000000,
        "netCashProvidedByFinancingActivities":-3925000000,
        "effectOfForexChangesOnCash":-286000000,
        "netChangeInCash":372000000,
        "cashAtEndOfPeriod":11355000000,
        "cashAtBeginningOfPeriod":10983000000,
        "operatingCashFlow":6284000000,
        "capitalExpenditure":-952000000,
        "freeCashFlow":5332000000,
        "incomeTaxesPaid":0,
        "interestPaid":0,
        "symbol_2":"JNJ",
        "stockPrice":163.2,
        "numberOfShares":2616882000,
        "marketCapitalization":427075142400,
        "minusCashAndCashEquivalents":11355000000,
        "addTotalDebt":32027000000,
        "enterpriseValue":447747142400,
        "revenue_qoq":-16.7527060783,
        "revenue_yoy":-14.3199931442,
        "netIncome_qoq":-7.3950976319,
        "netIncome_yoy":21.570766294,
        "operatingCashFlow_qoq":12.5963089052,
        "operatingCashFlow_yoy":-24.1978287093,
        "eps_qoq":-7.1038251366,
        "eps_yoy":22.3021582734
    },
    {
        "date":"2022-07-03",
        "symbol":"JNJ",
        "reportedCurrency":"USD",
        "cik":"0000200406",
        "filingDate":"2022-07-29",
        "acceptedDate":"2022-07-29 16:14:39",
        "fiscalYear":"2022",
        "period":"Q2",
        "revenue":24020000000,
        "costOfRevenue":7919000000,
        "grossProfit":16101000000,
        "researchAndDevelopmentExpenses":3703000000,
        "generalAndAdministrativeExpenses":5926000000,
        "sellingAndMarketingExpenses":0,
        "sellingGeneralAndAdministrativeExpenses":5926000000,
        "otherExpenses":0,
        "operatingExpenses":9629000000,
        "costAndExpenses":17548000000,
        "netInterestIncome":26000000,
        "interestIncome":64000000,
        "interestExpense":38000000,
        "depreciationAndAmortization":1744000000,
        "ebitda":7622000000,
        "ebit":5878000000,
        "nonOperatingIncomeExcludingInterest":594000000,
        "operatingIncome":6472000000,
        "totalOtherIncomeExpensesNet":-632000000,
        "incomeBeforeTax":5840000000,
        "incomeTaxExpense":1026000000,
        "netIncomeFromContinuingOperations":4814000000,
        "netIncomeFromDiscontinuedOperations":0,
        "otherAdjustmentsToNetIncome":0,
        "netIncome":4814000000,
        "netIncomeDeductions":0,
        "bottomLineNetIncome":4814000000,
        "eps":1.83,
        "epsDiluted":1.8,
        "weightedAverageShsOut":2629032000,
        "weightedAverageShsOutDil":2667900000,
        "symbol_1":"JNJ",
        "reportedCurrency_1":"USD",
        "cik_1":"0000200406",
        "filingDate_1":"2022-07-29",
        "acceptedDate_1":"2022-07-29 16:14:39",
        "fiscalYear_1":"2022",
        "period_1":"Q2",
        "netIncome_1":4814000000,
        "depreciationAndAmortization_1":1744000000,
        "deferredIncomeTax":-1423000000,
        "stockBasedCompensation":366000000,
        "changeInWorkingCapital":-3000000,
        "accountsReceivables":-959000000,
        "inventory":-657000000,
        "accountsPayables":1647000000,
        "otherWorkingCapital":-34000000,
        "otherNonCashItems":83000000,
        "netCashProvidedByOperatingActivities":5581000000,
        "investmentsInPropertyPlantAndEquipment":-863000000,
        "acquisitionsNet":-271000000,
        "purchasesOfInvestments":-13040000000,
        "salesMaturitiesOfInvestments":11331000000,
        "otherInvestingActivities":204000000,
        "netCashProvidedByInvestingActivities":-2639000000,
        "netDebtIssuance":9000000,
        "longTermNetDebtIssuance":2000000,
        "shortTermNetDebtIssuance":7000000,
        "netStockIssuance":-973000000,
        "netCommonStockIssuance":-973000000,
        "commonStockIssuance":0,
        "commonStockRepurchased":-973000000,
        "netPreferredStockIssuance":0,
        "netDividendsPaid":-2971000000,
        "commonDividendsPaid":-2971000000,
        "preferredDividendsPaid":0,
        "otherFinancingActivities":1674000000,
        "netCashProvidedByFinancingActivities":-2261000000,
        "effectOfForexChangesOnCash":-161000000,
        "netChangeInCash":520000000,
        "cashAtEndOfPeriod":10983000000,
        "cashAtBeginningOfPeriod":10463000000,
        "operatingCashFlow":5581000000,
        "capitalExpenditure":-863000000,
        "freeCashFlow":4718000000,
        "incomeTaxesPaid":0,
        "interestPaid":0,
        "symbol_2":"JNJ",
        "stockPrice":179.52,
        "numberOfShares":2629032000,
        "marketCapitalization":471963824640,
        "minusCashAndCashEquivalents":10983000000,
        "addTotalDebt":32597000000,
        "enterpriseValue":493577824640,
        "revenue_qoq":2.5356441561,
        "revenue_yoy":3.0370624571,
        "netIncome_qoq":-6.5061176928,
        "netIncome_yoy":-23.3195285123,
        "operatingCashFlow_qoq":40.2613722041,
        "operatingCashFlow_yoy":5.0244636808,
        "eps_qoq":-6.6326530612,
        "eps_yoy":-23.1092436975
    },
    {
        "date":"2022-04-03",
        "symbol":"JNJ",
        "reportedCurrency":"USD",
        "cik":"0000200406",
        "filingDate":"2022-04-29",
        "acceptedDate":"2022-04-29 16:08:24",
        "fiscalYear":"2022",
        "period":"Q1",
        "revenue":23426000000,
        "costOfRevenue":7598000000,
        "grossProfit":15828000000,
        "researchAndDevelopmentExpenses":4072000000,
        "generalAndAdministrativeExpenses":5638000000,
        "sellingAndMarketingExpenses":0,
        "sellingGeneralAndAdministrativeExpenses":5638000000,
        "otherExpenses":0,
        "operatingExpenses":9710000000,
        "costAndExpenses":17308000000,
        "netInterestIncome":12000000,
        "interestIncome":22000000,
        "interestExpense":10000000,
        "depreciationAndAmortization":1769000000,
        "ebitda":7641000000,
        "ebit":5872000000,
        "nonOperatingIncomeExcludingInterest":246000000,
        "operatingIncome":6118000000,
        "totalOtherIncomeExpensesNet":-256000000,
        "incomeBeforeTax":5862000000,
        "incomeTaxExpense":713000000,
        "netIncomeFromContinuingOperations":5149000000,
        "netIncomeFromDiscontinuedOperations":0,
        "otherAdjustmentsToNetIncome":0,
        "netIncome":5149000000,
        "netIncomeDeductions":0,
        "bottomLineNetIncome":5149000000,
        "eps":1.96,
        "epsDiluted":1.93,
        "weightedAverageShsOut":2629384000,
        "weightedAverageShsOutDil":2666500000,
        "symbol_1":"JNJ",
        "reportedCurrency_1":"USD",
        "cik_1":"0000200406",
        "filingDate_1":"2022-04-29",
        "acceptedDate_1":"2022-04-29 16:08:24",
        "fiscalYear_1":"2022",
        "period_1":"Q1",
        "netIncome_1":5149000000,
        "depreciationAndAmortization_1":1769000000,
        "deferredIncomeTax":-926000000,
        "stockBasedCompensation":278000000,
        "changeInWorkingCapital":-2739000000,
        "accountsReceivables":-427000000,
        "inventory":-600000000,
        "accountsPayables":-2817000000,
        "otherWorkingCapital":1105000000,
        "otherNonCashItems":448000000,
        "netCashProvidedByOperatingActivities":3979000000,
        "investmentsInPropertyPlantAndEquipment":-607000000,
        "acquisitionsNet":-252000000,
        "purchasesOfInvestments":-9018000000,
        "salesMaturitiesOfInvestments":6303000000,
        "otherInvestingActivities":-60000000,
        "netCashProvidedByInvestingActivities":-3634000000,
        "netDebtIssuance":31000000,
        "longTermNetDebtIssuance":-2132000000,
        "shortTermNetDebtIssuance":2163000000,
        "netStockIssuance":-1577000000,
        "netCommonStockIssuance":-1577000000,
        "commonStockIssuance":0,
        "commonStockRepurchased":-1577000000,
        "netPreferredStockIssuance":0,
        "netDividendsPaid":-2787000000,
        "commonDividendsPaid":-2787000000,
        "preferredDividendsPaid":0,
        "otherFinancingActivities":-52000000,
        "netCashProvidedByFinancingActivities":-4385000000,
        "effectOfForexChangesOnCash":16000000,
        "netChangeInCash":-4024000000,
        "cashAtEndOfPeriod":10463000000,
        "cashAtBeginningOfPeriod":14487000000,
        "operatingCashFlow":3979000000,
        "capitalExpenditure":-607000000,
        "freeCashFlow":3372000000,
        "incomeTaxesPaid":0,
        "interestPaid":0,
        "symbol_2":"JNJ",
        "stockPrice":176.47,
        "numberOfShares":2629384000,
        "marketCapitalization":464007394480,
        "minusCashAndCashEquivalents":10463000000,
        "addTotalDebt":33148000000,
        "enterpriseValue":486692394480,
        "revenue_qoq":-5.5555555556,
        "revenue_yoy":4.9504950495,
        "netIncome_qoq":8.7204391892,
        "netIncome_yoy":-16.9114087462,
        "operatingCashFlow_qoq":-30.5826936497,
        "operatingCashFlow_yoy":-2.3318605793,
        "eps_qoq":8.8888888889,
        "eps_yoy":-16.5957446809
    },
    {
        "date":"2021-12-31",
        "symbol":"JNJ",
        "reportedCurrency":"USD",
        "cik":"0000200406",
        "filingDate":"2022-02-17",
        "acceptedDate":"2022-02-17 16:06:50",
        "fiscalYear":"2021",
        "period":"Q4",
        "revenue":24804000000,
        "costOfRevenue":7955000000,
        "grossProfit":16849000000,
        "researchAndDevelopmentExpenses":4720000000,
        "generalAndAdministrativeExpenses":7654000000,
        "sellingAndMarketingExpenses":0,
        "sellingGeneralAndAdministrativeExpenses":7654000000,
        "otherExpenses":0,
        "operatingExpenses":12374000000,
        "costAndExpenses":20329000000,
        "netInterestIncome":-47000000,
        "interestIncome":13000000,
        "interestExpense":60000000,
        "depreciationAndAmortization":1843000000,
        "ebitda":6739000000,
        "ebit":4896000000,
        "nonOperatingIncomeExcludingInterest":-421000000,
        "operatingIncome":4475000000,
        "totalOtherIncomeExpensesNet":361000000,
        "incomeBeforeTax":4836000000,
        "incomeTaxExpense":100000000,
        "netIncomeFromContinuingOperations":4736000000,
        "netIncomeFromDiscontinuedOperations":0,
        "otherAdjustmentsToNetIncome":0,
        "netIncome":4736000000,
        "netIncomeDeductions":0,
        "bottomLineNetIncome":4736000000,
        "eps":1.8,
        "epsDiluted":1.77,
        "weightedAverageShsOut":2628965000,
        "weightedAverageShsOutDil":2670200000,
        "symbol_1":"JNJ",
        "reportedCurrency_1":"USD",
        "cik_1":"0000200406",
        "filingDate_1":"2022-02-17",
        "acceptedDate_1":"2022-02-17 16:06:50",
        "fiscalYear_1":"2021",
        "period_1":"Q4",
        "netIncome_1":4736000000,
        "depreciationAndAmortization_1":1843000000,
        "deferredIncomeTax":485000000,
        "stockBasedCompensation":215000000,
        "changeInWorkingCapital":-1568000000,
        "accountsReceivables":-584000000,
        "inventory":-70000000,
        "accountsPayables":2255000000,
        "otherWorkingCapital":-3169000000,
        "otherNonCashItems":21000000,
        "netCashProvidedByOperatingActivities":5732000000,
        "investmentsInPropertyPlantAndEquipment":-1415000000,
        "acquisitionsNet":-60000000,
        "purchasesOfInvestments":-11551000000,
        "salesMaturitiesOfInvestments":8197000000,
        "otherInvestingActivities":-531000000,
        "netCashProvidedByInvestingActivities":-5360000000,
        "netDebtIssuance":-3000000,
        "longTermNetDebtIssuance":-348000000,
        "shortTermNetDebtIssuance":345000000,
        "netStockIssuance":-996000000,
        "netCommonStockIssuance":-996000000,
        "commonStockIssuance":0,
        "commonStockRepurchased":-996000000,
        "netPreferredStockIssuance":0,
        "netDividendsPaid":-2791000000,
        "commonDividendsPaid":-2791000000,
        "preferredDividendsPaid":0,
        "otherFinancingActivities":354000000,
        "netCashProvidedByFinancingActivities":-3436000000,
        "effectOfForexChangesOnCash":-53000000,
        "netChangeInCash":-3117000000,
        "cashAtEndOfPeriod":14487000000,
        "cashAtBeginningOfPeriod":17604000000,
        "operatingCashFlow":5732000000,
        "capitalExpenditure":-1415000000,
        "freeCashFlow":4317000000,
        "incomeTaxesPaid":0,
        "interestPaid":0,
        "symbol_2":"JNJ",
        "stockPrice":171.07,
        "numberOfShares":2628965000,
        "marketCapitalization":449737042550,
        "minusCashAndCashEquivalents":14487000000,
        "addTotalDebt":33751000000,
        "enterpriseValue":469001042550,
        "revenue_qoq":6.2816008227,
        "revenue_yoy":10.362625139,
        "netIncome_qoq":29.1518952822,
        "netIncome_yoy":172.49712313,
        "operatingCashFlow_qoq":-30.8564535585,
        "operatingCashFlow_yoy":-31.2956969915,
        "eps_qoq":29.4964028777,
        "eps_yoy":172.7272727273
    },
    {
        "date":"2021-10-03",
        "symbol":"JNJ",
        "reportedCurrency":"USD",
        "cik":"0000200406",
        "filingDate":"2021-10-29",
        "acceptedDate":"2021-10-29 16:05:20",
        "fiscalYear":"2021",
        "period":"Q3",
        "revenue":23338000000,
        "costOfRevenue":7250000000,
        "grossProfit":16088000000,
        "researchAndDevelopmentExpenses":3422000000,
        "generalAndAdministrativeExpenses":5800000000,
        "sellingAndMarketingExpenses":0,
        "sellingGeneralAndAdministrativeExpenses":5800000000,
        "otherExpenses":0,
        "operatingExpenses":9222000000,
        "costAndExpenses":16472000000,
        "netInterestIncome":-7000000,
        "interestIncome":13000000,
        "interestExpense":20000000,
        "depreciationAndAmortization":1814000000,
        "ebitda":5683000000,
        "ebit":3869000000,
        "nonOperatingIncomeExcludingInterest":2997000000,
        "operatingIncome":6866000000,
        "totalOtherIncomeExpensesNet":-3017000000,
        "incomeBeforeTax":3849000000,
        "incomeTaxExpense":182000000,
        "netIncomeFromContinuingOperations":3667000000,
        "netIncomeFromDiscontinuedOperations":0,
        "otherAdjustmentsToNetIncome":0,
        "netIncome":3667000000,
        "netIncomeDeductions":0,
        "bottomLineNetIncome":3667000000,
        "eps":1.39,
        "epsDiluted":1.37,
        "weightedAverageShsOut":2632600000,
        "weightedAverageShsOutDil":2674900000,
        "symbol_1":"JNJ",
        "reportedCurrency_1":"USD",
        "cik_1":"0000200406",
        "filingDate_1":"2021-10-29",
        "acceptedDate_1":"2021-10-29 16:05:20",
        "fiscalYear_1":"2021",
        "period_1":"Q3",
        "netIncome_1":3667000000,
        "depreciationAndAmortization_1":1814000000,
        "deferredIncomeTax":-1879000000,
        "stockBasedCompensation":259000000,
        "changeInWorkingCapital":3499000000,
        "accountsReceivables":-252000000,
        "inventory":-360000000,
        "accountsPayables":-11217000000,
        "otherWorkingCapital":15328000000,
        "otherNonCashItems":930000000,
        "netCashProvidedByOperatingActivities":8290000000,
        "investmentsInPropertyPlantAndEquipment":-747000000,
        "acquisitionsNet":12000000,
        "purchasesOfInvestments":-6579000000,
        "salesMaturitiesOfInvestments":4356000000,
        "otherInvestingActivities":251000000,
        "netCashProvidedByInvestingActivities":-2719000000,
        "netDebtIssuance":654000000,
        "longTermNetDebtIssuance":1000000,
        "shortTermNetDebtIssuance":653000000,
        "netStockIssuance":-391000000,
        "netCommonStockIssuance":-391000000,
        "commonStockIssuance":0,
        "commonStockRepurchased":-391000000,
        "netPreferredStockIssuance":0,
        "netDividendsPaid":-2791000000,
        "commonDividendsPaid":-2791000000,
        "preferredDividendsPaid":0,
        "otherFinancingActivities":321000000,
        "netCashProvidedByFinancingActivities":-2207000000,
        "effectOfForexChangesOnCash":-92000000,
        "netChangeInCash":3272000000,
        "cashAtEndOfPeriod":17604000000,
        "cashAtBeginningOfPeriod":14332000000,
        "operatingCashFlow":8290000000,
        "capitalExpenditure":-747000000,
        "freeCashFlow":7543000000,
        "incomeTaxesPaid":0,
        "interestPaid":0,
        "symbol_2":"JNJ",
        "stockPrice":159.22,
        "numberOfShares":2632600000,
        "marketCapitalization":419162572000,
        "minusCashAndCashEquivalents":17604000000,
        "addTotalDebt":33928000000,
        "enterpriseValue":435486572000,
        "revenue_qoq":0.1115305422,
        "revenue_yoy":null,
        "netIncome_qoq":-41.5896782415,
        "netIncome_yoy":null,
        "operatingCashFlow_qoq":56.0030109146,
        "operatingCashFlow_yoy":null,
        "eps_qoq":-41.5966386555,
        "eps_yoy":null
    },
    {
        "date":"2021-07-04",
        "symbol":"JNJ",
        "reportedCurrency":"USD",
        "cik":"0000200406",
        "filingDate":"2021-07-29",
        "acceptedDate":"2021-07-29 16:07:51",
        "fiscalYear":"2021",
        "period":"Q2",
        "revenue":23312000000,
        "costOfRevenue":7587000000,
        "grossProfit":15725000000,
        "researchAndDevelopmentExpenses":3394000000,
        "generalAndAdministrativeExpenses":5973000000,
        "sellingAndMarketingExpenses":0,
        "sellingGeneralAndAdministrativeExpenses":5973000000,
        "otherExpenses":0,
        "operatingExpenses":9367000000,
        "costAndExpenses":16954000000,
        "netInterestIncome":-28000000,
        "interestIncome":12000000,
        "interestExpense":40000000,
        "depreciationAndAmortization":1839000000,
        "ebitda":8541000000,
        "ebit":6702000000,
        "nonOperatingIncomeExcludingInterest":-344000000,
        "operatingIncome":6358000000,
        "totalOtherIncomeExpensesNet":304000000,
        "incomeBeforeTax":6662000000,
        "incomeTaxExpense":384000000,
        "netIncomeFromContinuingOperations":6278000000,
        "netIncomeFromDiscontinuedOperations":0,
        "otherAdjustmentsToNetIncome":0,
        "netIncome":6278000000,
        "netIncomeDeductions":0,
        "bottomLineNetIncome":6278000000,
        "eps":2.38,
        "epsDiluted":2.35,
        "weightedAverageShsOut":2631989000,
        "weightedAverageShsOutDil":2671600000,
        "symbol_1":"JNJ",
        "reportedCurrency_1":"USD",
        "cik_1":"0000200406",
        "filingDate_1":"2021-07-29",
        "acceptedDate_1":"2021-07-29 16:07:51",
        "fiscalYear_1":"2021",
        "period_1":"Q2",
        "netIncome_1":6278000000,
        "depreciationAndAmortization_1":1839000000,
        "deferredIncomeTax":45000000,
        "stockBasedCompensation":354000000,
        "changeInWorkingCapital":-3154000000,
        "accountsReceivables":38000000,
        "inventory":-123000000,
        "accountsPayables":-18117000000,
        "otherWorkingCapital":15048000000,
        "otherNonCashItems":-48000000,
        "netCashProvidedByOperatingActivities":5314000000,
        "investmentsInPropertyPlantAndEquipment":-813000000,
        "acquisitionsNet":0,
        "purchasesOfInvestments":-6270000000,
        "salesMaturitiesOfInvestments":7661000000,
        "otherInvestingActivities":-997000000,
        "netCashProvidedByInvestingActivities":-419000000,
        "netDebtIssuance":-189000000,
        "longTermNetDebtIssuance":-450000000,
        "shortTermNetDebtIssuance":261000000,
        "netStockIssuance":-631000000,
        "netCommonStockIssuance":-631000000,
        "commonStockIssuance":0,
        "commonStockRepurchased":-631000000,
        "netPreferredStockIssuance":0,
        "netDividendsPaid":-2791000000,
        "commonDividendsPaid":-2791000000,
        "preferredDividendsPaid":0,
        "otherFinancingActivities":332000000,
        "netCashProvidedByFinancingActivities":-3279000000,
        "effectOfForexChangesOnCash":45000000,
        "netChangeInCash":1661000000,
        "cashAtEndOfPeriod":14332000000,
        "cashAtBeginningOfPeriod":12671000000,
        "operatingCashFlow":5314000000,
        "capitalExpenditure":-813000000,
        "freeCashFlow":4501000000,
        "incomeTaxesPaid":0,
        "interestPaid":0,
        "symbol_2":"JNJ",
        "stockPrice":168.98,
        "numberOfShares":2631989000,
        "marketCapitalization":444753501220,
        "minusCashAndCashEquivalents":14332000000,
        "addTotalDebt":33483000000,
        "enterpriseValue":463904501220,
        "revenue_qoq":4.4397652435,
        "revenue_yoy":null,
        "netIncome_qoq":1.3070840729,
        "netIncome_yoy":null,
        "operatingCashFlow_qoq":30.4369170349,
        "operatingCashFlow_yoy":null,
        "eps_qoq":1.2765957447,
        "eps_yoy":null
    },
    {
        "date":"2021-04-04",
        "symbol":"JNJ",
        "reportedCurrency":"USD",
        "cik":"0000200406",
        "filingDate":"2021-04-30",
        "acceptedDate":"2021-04-30 16:04:02",
        "fiscalYear":"2021",
        "period":"Q1",
        "revenue":22321000000,
        "costOfRevenue":7063000000,
        "grossProfit":15258000000,
        "researchAndDevelopmentExpenses":3178000000,
        "generalAndAdministrativeExpenses":5232000000,
        "sellingAndMarketingExpenses":0,
        "sellingGeneralAndAdministrativeExpenses":5232000000,
        "otherExpenses":0,
        "operatingExpenses":8410000000,
        "costAndExpenses":15473000000,
        "netInterestIncome":-48000000,
        "interestIncome":15000000,
        "interestExpense":63000000,
        "depreciationAndAmortization":1894000000,
        "ebitda":9386000000,
        "ebit":7492000000,
        "nonOperatingIncomeExcludingInterest":-644000000,
        "operatingIncome":6848000000,
        "totalOtherIncomeExpensesNet":581000000,
        "incomeBeforeTax":7429000000,
        "incomeTaxExpense":1232000000,
        "netIncomeFromContinuingOperations":6197000000,
        "netIncomeFromDiscontinuedOperations":0,
        "otherAdjustmentsToNetIncome":0,
        "netIncome":6197000000,
        "netIncomeDeductions":0,
        "bottomLineNetIncome":6197000000,
        "eps":2.35,
        "epsDiluted":2.32,
        "weightedAverageShsOut":2632702000,
        "weightedAverageShsOutDil":2672700000,
        "symbol_1":"JNJ",
        "reportedCurrency_1":"USD",
        "cik_1":"0000200406",
        "filingDate_1":"2021-04-30",
        "acceptedDate_1":"2021-04-30 16:04:02",
        "fiscalYear_1":"2021",
        "period_1":"Q1",
        "netIncome_1":6197000000,
        "depreciationAndAmortization_1":1894000000,
        "deferredIncomeTax":-730000000,
        "stockBasedCompensation":307000000,
        "changeInWorkingCapital":-3015000000,
        "accountsReceivables":-1604000000,
        "inventory":-695000000,
        "accountsPayables":-2336000000,
        "otherWorkingCapital":1620000000,
        "otherNonCashItems":-579000000,
        "netCashProvidedByOperatingActivities":4074000000,
        "investmentsInPropertyPlantAndEquipment":-677000000,
        "acquisitionsNet":0,
        "purchasesOfInvestments":-5994000000,
        "salesMaturitiesOfInvestments":5233000000,
        "otherInvestingActivities":1253000000,
        "netCashProvidedByInvestingActivities":-185000000,
        "netDebtIssuance":-1452000000,
        "longTermNetDebtIssuance":-1000000000,
        "shortTermNetDebtIssuance":-452000000,
        "netStockIssuance":-1202000000,
        "netCommonStockIssuance":-1438000000,
        "commonStockIssuance":0,
        "commonStockRepurchased":-1438000000,
        "netPreferredStockIssuance":236000000,
        "netDividendsPaid":-2659000000,
        "commonDividendsPaid":-2659000000,
        "preferredDividendsPaid":0,
        "otherFinancingActivities":188000000,
        "netCashProvidedByFinancingActivities":-5125000000,
        "effectOfForexChangesOnCash":-78000000,
        "netChangeInCash":-1314000000,
        "cashAtEndOfPeriod":12671000000,
        "cashAtBeginningOfPeriod":13985000000,
        "operatingCashFlow":4074000000,
        "capitalExpenditure":-677000000,
        "freeCashFlow":3397000000,
        "incomeTaxesPaid":0,
        "interestPaid":0,
        "symbol_2":"JNJ",
        "stockPrice":163.43,
        "numberOfShares":2632702000,
        "marketCapitalization":430262487860,
        "minusCashAndCashEquivalents":12671000000,
        "addTotalDebt":33613000000,
        "enterpriseValue":451204487860,
        "revenue_qoq":-0.6852057842,
        "revenue_yoy":null,
        "netIncome_qoq":256.5592635213,
        "netIncome_yoy":null,
        "operatingCashFlow_qoq":-51.1686443725,
        "operatingCashFlow_yoy":null,
        "eps_qoq":256.0606060606,
        "eps_yoy":null
    },
    {
        "date":"2020-12-31",
        "symbol":"JNJ",
        "reportedCurrency":"USD",
        "cik":"0000200406",
        "filingDate":"2021-02-22",
        "acceptedDate":"2021-02-22 16:36:14",
        "fiscalYear":"2020",
        "period":"Q4",
        "revenue":22475000000,
        "costOfRevenue":7814000000,
        "grossProfit":14661000000,
        "researchAndDevelopmentExpenses":4032000000,
        "generalAndAdministrativeExpenses":6457000000,
        "sellingAndMarketingExpenses":0,
        "sellingGeneralAndAdministrativeExpenses":6457000000,
        "otherExpenses":0,
        "operatingExpenses":10489000000,
        "costAndExpenses":18303000000,
        "netInterestIncome":-74000000,
        "interestIncome":13000000,
        "interestExpense":87000000,
        "depreciationAndAmortization":1940000000,
        "ebitda":3674000000,
        "ebit":1734000000,
        "nonOperatingIncomeExcludingInterest":2438000000,
        "operatingIncome":4172000000,
        "totalOtherIncomeExpensesNet":-2525000000,
        "incomeBeforeTax":1647000000,
        "incomeTaxExpense":-91000000,
        "netIncomeFromContinuingOperations":1738000000,
        "netIncomeFromDiscontinuedOperations":0,
        "otherAdjustmentsToNetIncome":0,
        "netIncome":1738000000,
        "netIncomeDeductions":0,
        "bottomLineNetIncome":1738000000,
        "eps":0.66,
        "epsDiluted":0.65,
        "weightedAverageShsOut":2632512000,
        "weightedAverageShsOutDil":2669200000,
        "symbol_1":"JNJ",
        "reportedCurrency_1":"USD",
        "cik_1":"0000200406",
        "filingDate_1":"2021-02-22",
        "acceptedDate_1":"2021-02-22 16:36:14",
        "fiscalYear_1":"2020",
        "period_1":"Q4",
        "netIncome_1":1738000000,
        "depreciationAndAmortization_1":1940000000,
        "deferredIncomeTax":-903000000,
        "stockBasedCompensation":160000000,
        "changeInWorkingCapital":5435000000,
        "accountsReceivables":1214000000,
        "inventory":519000000,
        "accountsPayables":-5042000000,
        "otherWorkingCapital":8744000000,
        "otherNonCashItems":-27000000,
        "netCashProvidedByOperatingActivities":8343000000,
        "investmentsInPropertyPlantAndEquipment":-1323000000,
        "acquisitionsNet":-6374000000,
        "purchasesOfInvestments":-4846000000,
        "salesMaturitiesOfInvestments":5427000000,
        "otherInvestingActivities":-787000000,
        "netCashProvidedByInvestingActivities":-7903000000,
        "netDebtIssuance":-2799000000,
        "longTermNetDebtIssuance":-502000000,
        "shortTermNetDebtIssuance":-2297000000,
        "netStockIssuance":-321000000,
        "netCommonStockIssuance":-321000000,
        "commonStockIssuance":0,
        "commonStockRepurchased":-321000000,
        "netPreferredStockIssuance":0,
        "netDividendsPaid":-2658000000,
        "commonDividendsPaid":-2658000000,
        "preferredDividendsPaid":0,
        "otherFinancingActivities":134000000,
        "netCashProvidedByFinancingActivities":-5644000000,
        "effectOfForexChangesOnCash":224000000,
        "netChangeInCash":-4980000000,
        "cashAtEndOfPeriod":13985000000,
        "cashAtBeginningOfPeriod":18965000000,
        "operatingCashFlow":8343000000,
        "capitalExpenditure":-1323000000,
        "freeCashFlow":7020000000,
        "incomeTaxesPaid":0,
        "interestPaid":0,
        "symbol_2":"JNJ",
        "stockPrice":157.38,
        "numberOfShares":2632512000,
        "marketCapitalization":414304738560,
        "minusCashAndCashEquivalents":13985000000,
        "addTotalDebt":35266000000,
        "enterpriseValue":435585738560,
        "revenue_qoq":null,
        "revenue_yoy":null,
        "netIncome_qoq":null,
        "netIncome_yoy":null,
        "operatingCashFlow_qoq":null,
        "operatingCashFlow_yoy":null,
        "eps_qoq":null,
        "eps_yoy":null
    }
]