[
    {
        "date":"2025-09-30",
        "symbol":"META",
        "reportedCurrency":"USD",
        "cik":"0001326801",
        "filingDate":"2025-10-30",
        "acceptedDate":"2025-10-29 18:50:26",
        "fiscalYear":"2025",
        "period":"Q3",
        "revenue":51242000000,
        "costOfRevenue":9206000000,
        "grossProfit":42036000000,
        "researchAndDevelopmentExpenses":15144000000,
        "generalAndAdministrativeExpenses":3512000000,
        "sellingAndMarketingExpenses":2845000000,
        "sellingGeneralAndAdministrativeExpenses":6357000000,
        "otherExpenses":0,
        "operatingExpenses":21501000000,
        "costAndExpenses":30707000000,
        "netInterestIncome":132000000,
        "interestIncome":359000000,
        "interestExpense":227000000,
        "depreciationAndAmortization":4963000000,
        "ebitda":26853000000,
        "ebit":21890000000,
        "nonOperatingIncomeExcludingInterest":-1355000000,
        "operatingIncome":20535000000,
        "totalOtherIncomeExpensesNet":1128000000,
        "incomeBeforeTax":21663000000,
        "incomeTaxExpense":18954000000,
        "netIncomeFromContinuingOperations":2709000000,
        "netIncomeFromDiscontinuedOperations":0,
        "otherAdjustmentsToNetIncome":0,
        "netIncome":2709000000,
        "netIncomeDeductions":0,
        "bottomLineNetIncome":2709000000,
        "eps":1.08,
        "epsDiluted":1.05,
        "weightedAverageShsOut":2517000000,
        "weightedAverageShsOutDil":2572000000,
        "symbol_1":"META",
        "reportedCurrency_1":"USD",
        "cik_1":"0001326801",
        "filingDate_1":"2025-10-30",
        "acceptedDate_1":"2025-10-29 18:50:26",
        "fiscalYear_1":"2025",
        "period_1":"Q3",
        "netIncome_1":2709000000,
        "depreciationAndAmortization_1":4963000000,
        "deferredIncomeTax":19867000000,
        "stockBasedCompensation":5556000000,
        "changeInWorkingCapital":-2151000000,
        "accountsReceivables":-806000000,
        "inventory":0,
        "accountsPayables":-63000000,
        "otherWorkingCapital":-1282000000,
        "otherNonCashItems":-945000000,
        "netCashProvidedByOperatingActivities":29999000000,
        "investmentsInPropertyPlantAndEquipment":-18829000000,
        "acquisitionsNet":62000000,
        "purchasesOfInvestments":-5886000000,
        "salesMaturitiesOfInvestments":4704000000,
        "otherInvestingActivities":-1899000000,
        "netCashProvidedByInvestingActivities":-21848000000,
        "netDebtIssuance":-545000000,
        "longTermNetDebtIssuance":-545000000,
        "shortTermNetDebtIssuance":0,
        "netStockIssuance":-3327000000,
        "netCommonStockIssuance":-3327000000,
        "commonStockIssuance":0,
        "commonStockRepurchased":-3327000000,
        "netPreferredStockIssuance":0,
        "netDividendsPaid":-1330000000,
        "commonDividendsPaid":-1330000000,
        "preferredDividendsPaid":0,
        "otherFinancingActivities":-4845000000,
        "netCashProvidedByFinancingActivities":-10047000000,
        "effectOfForexChangesOnCash":9000000,
        "netChangeInCash":-1887000000,
        "cashAtEndOfPeriod":11941000000,
        "cashAtBeginningOfPeriod":13828000000,
        "operatingCashFlow":29999000000,
        "capitalExpenditure":-18829000000,
        "freeCashFlow":11170000000,
        "incomeTaxesPaid":0,
        "interestPaid":0,
        "symbol_2":"META",
        "stockPrice":734.38,
        "numberOfShares":2517000000,
        "marketCapitalization":1848434460000,
        "minusCashAndCashEquivalents":10187000000,
        "addTotalDebt":51060000000,
        "enterpriseValue":1889307460000,
        "revenue_qoq":7.8415691557,
        "revenue_yoy":26.2460272488,
        "netIncome_qoq":-85.2265910454,
        "netIncome_yoy":-82.7320244773,
        "operatingCashFlow_qoq":17.362388013,
        "operatingCashFlow_yoy":21.3355444103,
        "eps_qoq":-85.1648351648,
        "eps_yoy":-82.5806451613
    },
    {
        "date":"2025-06-30",
        "symbol":"META",
        "reportedCurrency":"USD",
        "cik":"0001326801",
        "filingDate":"2025-07-31",
        "acceptedDate":"2025-07-30 20:02:12",
        "fiscalYear":"2025",
        "period":"Q2",
        "revenue":47516000000,
        "costOfRevenue":8491000000,
        "grossProfit":39025000000,
        "researchAndDevelopmentExpenses":12942000000,
        "generalAndAdministrativeExpenses":2663000000,
        "sellingAndMarketingExpenses":2979000000,
        "sellingGeneralAndAdministrativeExpenses":5642000000,
        "otherExpenses":0,
        "operatingExpenses":18584000000,
        "costAndExpenses":27075000000,
        "netInterestIncome":240000000,
        "interestIncome":481000000,
        "interestExpense":241000000,
        "depreciationAndAmortization":4342000000,
        "ebitda":25117000000,
        "ebit":20775000000,
        "nonOperatingIncomeExcludingInterest":-334000000,
        "operatingIncome":20441000000,
        "totalOtherIncomeExpensesNet":93000000,
        "incomeBeforeTax":20534000000,
        "incomeTaxExpense":2197000000,
        "netIncomeFromContinuingOperations":18337000000,
        "netIncomeFromDiscontinuedOperations":0,
        "otherAdjustmentsToNetIncome":0,
        "netIncome":18337000000,
        "netIncomeDeductions":0,
        "bottomLineNetIncome":18337000000,
        "eps":7.28,
        "epsDiluted":7.14,
        "weightedAverageShsOut":2518000000,
        "weightedAverageShsOutDil":2570000000,
        "symbol_1":"META",
        "reportedCurrency_1":"USD",
        "cik_1":"0001326801",
        "filingDate_1":"2025-07-31",
        "acceptedDate_1":"2025-07-30 20:02:12",
        "fiscalYear_1":"2025",
        "period_1":"Q2",
        "netIncome_1":18337000000,
        "depreciationAndAmortization_1":4342000000,
        "deferredIncomeTax":-1170000000,
        "stockBasedCompensation":4834000000,
        "changeInWorkingCapital":-957000000,
        "accountsReceivables":-1338000000,
        "inventory":0,
        "accountsPayables":460000000,
        "otherWorkingCapital":-79000000,
        "otherNonCashItems":175000000,
        "netCashProvidedByOperatingActivities":25561000000,
        "investmentsInPropertyPlantAndEquipment":-16538000000,
        "acquisitionsNet":-62000000,
        "purchasesOfInvestments":-22960000000,
        "salesMaturitiesOfInvestments":14273000000,
        "otherInvestingActivities":-671000000,
        "netCashProvidedByInvestingActivities":-25958000000,
        "netDebtIssuance":-474000000,
        "longTermNetDebtIssuance":-474000000,
        "shortTermNetDebtIssuance":0,
        "netStockIssuance":-10167000000,
        "netCommonStockIssuance":-10167000000,
        "commonStockIssuance":0,
        "commonStockRepurchased":-10167000000,
        "netPreferredStockIssuance":0,
        "netDividendsPaid":-1327000000,
        "commonDividendsPaid":-1327000000,
        "preferredDividendsPaid":0,
        "otherFinancingActivities":-4009000000,
        "netCashProvidedByFinancingActivities":-15977000000,
        "effectOfForexChangesOnCash":131000000,
        "netChangeInCash":-16243000000,
        "cashAtEndOfPeriod":13828000000,
        "cashAtBeginningOfPeriod":30071000000,
        "operatingCashFlow":25561000000,
        "capitalExpenditure":-16538000000,
        "freeCashFlow":9023000000,
        "incomeTaxesPaid":5096000000,
        "interestPaid":126000000,
        "symbol_2":"META",
        "stockPrice":738.09,
        "numberOfShares":2518000000,
        "marketCapitalization":1858510620000,
        "minusCashAndCashEquivalents":12005000000,
        "addTotalDebt":49560000000,
        "enterpriseValue":1896065620000,
        "revenue_qoq":12.2938034693,
        "revenue_yoy":21.6144966855,
        "netIncome_qoq":10.1718336938,
        "netIncome_yoy":36.1826958782,
        "operatingCashFlow_qoq":6.388912012,
        "operatingCashFlow_yoy":31.9617965927,
        "eps_qoq":10.4704097117,
        "eps_yoy":37.0998116761
    },
    {
        "date":"2025-03-31",
        "symbol":"META",
        "reportedCurrency":"USD",
        "cik":"0001326801",
        "filingDate":"2025-05-01",
        "acceptedDate":"2025-04-30 20:03:18",
        "fiscalYear":"2025",
        "period":"Q1",
        "revenue":42314000000,
        "costOfRevenue":7572000000,
        "grossProfit":34742000000,
        "researchAndDevelopmentExpenses":12150000000,
        "generalAndAdministrativeExpenses":2280000000,
        "sellingAndMarketingExpenses":2757000000,
        "sellingGeneralAndAdministrativeExpenses":5037000000,
        "otherExpenses":0,
        "operatingExpenses":17187000000,
        "costAndExpenses":24759000000,
        "netInterestIncome":418000000,
        "interestIncome":658000000,
        "interestExpense":240000000,
        "depreciationAndAmortization":3900000000,
        "ebitda":22522000000,
        "ebit":18622000000,
        "nonOperatingIncomeExcludingInterest":-1067000000,
        "operatingIncome":17555000000,
        "totalOtherIncomeExpensesNet":827000000,
        "incomeBeforeTax":18382000000,
        "incomeTaxExpense":1738000000,
        "netIncomeFromContinuingOperations":16644000000,
        "netIncomeFromDiscontinuedOperations":0,
        "otherAdjustmentsToNetIncome":0,
        "netIncome":16644000000,
        "netIncomeDeductions":0,
        "bottomLineNetIncome":16644000000,
        "eps":6.59,
        "epsDiluted":6.43,
        "weightedAverageShsOut":2527000000,
        "weightedAverageShsOutDil":2590000000,
        "symbol_1":"META",
        "reportedCurrency_1":"USD",
        "cik_1":"0001326801",
        "filingDate_1":"2025-05-01",
        "acceptedDate_1":"2025-04-30 20:03:18",
        "fiscalYear_1":"2025",
        "period_1":"Q1",
        "netIncome_1":16644000000,
        "depreciationAndAmortization_1":3900000000,
        "deferredIncomeTax":-993000000,
        "stockBasedCompensation":4147000000,
        "changeInWorkingCapital":559000000,
        "accountsReceivables":2804000000,
        "inventory":0,
        "accountsPayables":-1034000000,
        "otherWorkingCapital":-1211000000,
        "otherNonCashItems":-231000000,
        "netCashProvidedByOperatingActivities":24026000000,
        "investmentsInPropertyPlantAndEquipment":-12941000000,
        "acquisitionsNet":0,
        "purchasesOfInvestments":-11763000000,
        "salesMaturitiesOfInvestments":4784000000,
        "otherInvestingActivities":-90000000,
        "netCashProvidedByInvestingActivities":-20010000000,
        "netDebtIssuance":-751000000,
        "longTermNetDebtIssuance":-751000000,
        "shortTermNetDebtIssuance":0,
        "netStockIssuance":-12754000000,
        "netCommonStockIssuance":-12754000000,
        "commonStockIssuance":0,
        "commonStockRepurchased":-12754000000,
        "netPreferredStockIssuance":0,
        "netDividendsPaid":-1329000000,
        "commonDividendsPaid":-1329000000,
        "preferredDividendsPaid":0,
        "otherFinancingActivities":-4661000000,
        "netCashProvidedByFinancingActivities":-19495000000,
        "effectOfForexChangesOnCash":112000000,
        "netChangeInCash":-15367000000,
        "cashAtEndOfPeriod":30071000000,
        "cashAtBeginningOfPeriod":45438000000,
        "operatingCashFlow":24026000000,
        "capitalExpenditure":-12941000000,
        "freeCashFlow":11085000000,
        "incomeTaxesPaid":448000000,
        "interestPaid":352000000,
        "symbol_2":"META",
        "stockPrice":576.36,
        "numberOfShares":2527000000,
        "marketCapitalization":1456461720000,
        "minusCashAndCashEquivalents":28750000000,
        "addTotalDebt":49519000000,
        "enterpriseValue":1477230720000,
        "revenue_qoq":-12.5472770487,
        "revenue_yoy":16.0718694281,
        "netIncome_qoq":-20.1266916211,
        "netIncome_yoy":34.5622119816,
        "operatingCashFlow_qoq":-14.1560668858,
        "operatingCashFlow_yoy":24.8363296269,
        "eps_qoq":-19.8296836983,
        "eps_yoy":35.5967078189
    },
    {
        "date":"2024-12-31",
        "symbol":"META",
        "reportedCurrency":"USD",
        "cik":"0001326801",
        "filingDate":"2025-01-30",
        "acceptedDate":"2025-01-29 20:00:50",
        "fiscalYear":"2024",
        "period":"Q4",
        "revenue":48385000000,
        "costOfRevenue":8839000000,
        "grossProfit":39546000000,
        "researchAndDevelopmentExpenses":12180000000,
        "generalAndAdministrativeExpenses":762000000,
        "sellingAndMarketingExpenses":3240000000,
        "sellingGeneralAndAdministrativeExpenses":4002000000,
        "otherExpenses":0,
        "operatingExpenses":16182000000,
        "costAndExpenses":25021000000,
        "netInterestIncome":480000000,
        "interestIncome":731000000,
        "interestExpense":251000000,
        "depreciationAndAmortization":4460000000,
        "ebitda":28263000000,
        "ebit":23803000000,
        "nonOperatingIncomeExcludingInterest":-439000000,
        "operatingIncome":23364000000,
        "totalOtherIncomeExpensesNet":188000000,
        "incomeBeforeTax":23552000000,
        "incomeTaxExpense":2714000000,
        "netIncomeFromContinuingOperations":20838000000,
        "netIncomeFromDiscontinuedOperations":0,
        "otherAdjustmentsToNetIncome":0,
        "netIncome":20838000000,
        "netIncomeDeductions":0,
        "bottomLineNetIncome":20838000000,
        "eps":8.22,
        "epsDiluted":8.02,
        "weightedAverageShsOut":2534000000,
        "weightedAverageShsOutDil":2614000000,
        "symbol_1":"META",
        "reportedCurrency_1":"USD",
        "cik_1":"0001326801",
        "filingDate_1":"2025-01-30",
        "acceptedDate_1":"2025-01-29 20:00:50",
        "fiscalYear_1":"2024",
        "period_1":"Q4",
        "netIncome_1":20838000000,
        "depreciationAndAmortization_1":4460000000,
        "deferredIncomeTax":-1332000000,
        "stockBasedCompensation":4262000000,
        "changeInWorkingCapital":-504000000,
        "accountsReceivables":-2978000000,
        "inventory":0,
        "accountsPayables":568000000,
        "otherWorkingCapital":1906000000,
        "otherNonCashItems":264000000,
        "netCashProvidedByOperatingActivities":27988000000,
        "investmentsInPropertyPlantAndEquipment":-14425000000,
        "acquisitionsNet":-9000000,
        "purchasesOfInvestments":-10898000000,
        "salesMaturitiesOfInvestments":3817000000,
        "otherInvestingActivities":17000000,
        "netCashProvidedByInvestingActivities":-21498000000,
        "netDebtIssuance":-411000000,
        "longTermNetDebtIssuance":-411000000,
        "shortTermNetDebtIssuance":0,
        "netStockIssuance":-3857000000,
        "netCommonStockIssuance":-3857000000,
        "commonStockIssuance":0,
        "commonStockRepurchased":-3857000000,
        "netPreferredStockIssuance":0,
        "netDividendsPaid":-1270000000,
        "commonDividendsPaid":-1270000000,
        "preferredDividendsPaid":0,
        "otherFinancingActivities":73000000,
        "netCashProvidedByFinancingActivities":-5465000000,
        "effectOfForexChangesOnCash":-714000000,
        "netChangeInCash":311000000,
        "cashAtEndOfPeriod":45438000000,
        "cashAtBeginningOfPeriod":45127000000,
        "operatingCashFlow":27988000000,
        "capitalExpenditure":-14425000000,
        "freeCashFlow":13563000000,
        "incomeTaxesPaid":2228000000,
        "interestPaid":130000000,
        "symbol_2":"META",
        "stockPrice":585.51,
        "numberOfShares":2534000000,
        "marketCapitalization":1483682340000,
        "minusCashAndCashEquivalents":43889000000,
        "addTotalDebt":49060000000,
        "enterpriseValue":1488853340000,
        "revenue_qoq":19.2071743576,
        "revenue_yoy":20.6277579716,
        "netIncome_qoq":32.8276389597,
        "netIncome_yoy":48.6623385889,
        "operatingCashFlow_qoq":13.2017472901,
        "operatingCashFlow_yoy":44.2383013812,
        "eps_qoq":32.5806451613,
        "eps_yoy":50.5494505495
    },
    {
        "date":"2024-09-30",
        "symbol":"META",
        "reportedCurrency":"USD",
        "cik":"0001326801",
        "filingDate":"2024-10-31",
        "acceptedDate":"2024-10-30 19:54:51",
        "fiscalYear":"2024",
        "period":"Q3",
        "revenue":40589000000,
        "costOfRevenue":7375000000,
        "grossProfit":33214000000,
        "researchAndDevelopmentExpenses":11177000000,
        "generalAndAdministrativeExpenses":1865000000,
        "sellingAndMarketingExpenses":2822000000,
        "sellingGeneralAndAdministrativeExpenses":4687000000,
        "otherExpenses":0,
        "operatingExpenses":15864000000,
        "costAndExpenses":23239000000,
        "netInterestIncome":453000000,
        "interestIncome":661000000,
        "interestExpense":208000000,
        "depreciationAndAmortization":4027000000,
        "ebitda":22057000000,
        "ebit":18030000000,
        "nonOperatingIncomeExcludingInterest":-680000000,
        "operatingIncome":17350000000,
        "totalOtherIncomeExpensesNet":472000000,
        "incomeBeforeTax":17822000000,
        "incomeTaxExpense":2134000000,
        "netIncomeFromContinuingOperations":15688000000,
        "netIncomeFromDiscontinuedOperations":0,
        "otherAdjustmentsToNetIncome":0,
        "netIncome":15688000000,
        "netIncomeDeductions":0,
        "bottomLineNetIncome":15688000000,
        "eps":6.2,
        "epsDiluted":6.03,
        "weightedAverageShsOut":2529000000,
        "weightedAverageShsOutDil":2600000000,
        "symbol_1":"META",
        "reportedCurrency_1":"USD",
        "cik_1":"0001326801",
        "filingDate_1":"2024-10-31",
        "acceptedDate_1":"2024-10-30 19:54:51",
        "fiscalYear_1":"2024",
        "period_1":"Q3",
        "netIncome_1":15688000000,
        "depreciationAndAmortization_1":4027000000,
        "deferredIncomeTax":-1308000000,
        "stockBasedCompensation":4250000000,
        "changeInWorkingCapital":2070000000,
        "accountsReceivables":143000000,
        "inventory":0,
        "accountsPayables":667000000,
        "otherWorkingCapital":1260000000,
        "otherNonCashItems":-3000000,
        "netCashProvidedByOperatingActivities":24724000000,
        "investmentsInPropertyPlantAndEquipment":-8258000000,
        "acquisitionsNet":-132000000,
        "purchasesOfInvestments":-4468000000,
        "salesMaturitiesOfInvestments":4114000000,
        "otherInvestingActivities":124000000,
        "netCashProvidedByInvestingActivities":-8620000000,
        "netDebtIssuance":9488000000,
        "longTermNetDebtIssuance":9488000000,
        "shortTermNetDebtIssuance":0,
        "netStockIssuance":-8818000000,
        "netCommonStockIssuance":-8818000000,
        "commonStockIssuance":0,
        "commonStockRepurchased":-8818000000,
        "netPreferredStockIssuance":0,
        "netDividendsPaid":-1263000000,
        "commonDividendsPaid":-1263000000,
        "preferredDividendsPaid":0,
        "otherFinancingActivities":-3778000000,
        "netCashProvidedByFinancingActivities":-4371000000,
        "effectOfForexChangesOnCash":368000000,
        "netChangeInCash":12101000000,
        "cashAtEndOfPeriod":45127000000,
        "cashAtBeginningOfPeriod":33026000000,
        "operatingCashFlow":24724000000,
        "capitalExpenditure":-8258000000,
        "freeCashFlow":16466000000,
        "incomeTaxesPaid":1767000000,
        "interestPaid":111000000,
        "symbol_2":"META",
        "stockPrice":572.44,
        "numberOfShares":2529000000,
        "marketCapitalization":1447700760000,
        "minusCashAndCashEquivalents":43852000000,
        "addTotalDebt":49047000000,
        "enterpriseValue":1452895760000,
        "revenue_qoq":3.885234573,
        "revenue_yoy":18.868974404,
        "netIncome_qoq":16.5094689937,
        "netIncome_yoy":35.4398687732,
        "operatingCashFlow_qoq":27.6406814662,
        "operatingCashFlow_yoy":21.1841976277,
        "eps_qoq":16.7608286252,
        "eps_yoy":37.7777777778
    },
    {
        "date":"2024-06-30",
        "symbol":"META",
        "reportedCurrency":"USD",
        "cik":"0001326801",
        "filingDate":"2024-08-01",
        "acceptedDate":"2024-07-31 20:14:40",
        "fiscalYear":"2024",
        "period":"Q2",
        "revenue":39071000000,
        "costOfRevenue":7308000000,
        "grossProfit":31763000000,
        "researchAndDevelopmentExpenses":10537000000,
        "generalAndAdministrativeExpenses":3658000000,
        "sellingAndMarketingExpenses":2721000000,
        "sellingGeneralAndAdministrativeExpenses":6379000000,
        "otherExpenses":0,
        "operatingExpenses":16916000000,
        "costAndExpenses":24224000000,
        "netInterestIncome":412000000,
        "interestIncome":540000000,
        "interestExpense":128000000,
        "depreciationAndAmortization":3637000000,
        "ebitda":18871000000,
        "ebit":15234000000,
        "nonOperatingIncomeExcludingInterest":-387000000,
        "operatingIncome":14847000000,
        "totalOtherIncomeExpensesNet":259000000,
        "incomeBeforeTax":15106000000,
        "incomeTaxExpense":1641000000,
        "netIncomeFromContinuingOperations":13465000000,
        "netIncomeFromDiscontinuedOperations":0,
        "otherAdjustmentsToNetIncome":0,
        "netIncome":13465000000,
        "netIncomeDeductions":0,
        "bottomLineNetIncome":13465000000,
        "eps":5.31,
        "epsDiluted":5.16,
        "weightedAverageShsOut":2534000000,
        "weightedAverageShsOutDil":2610000000,
        "symbol_1":"META",
        "reportedCurrency_1":"USD",
        "cik_1":"0001326801",
        "filingDate_1":"2024-08-01",
        "acceptedDate_1":"2024-07-31 20:14:40",
        "fiscalYear_1":"2024",
        "period_1":"Q2",
        "netIncome_1":13465000000,
        "depreciationAndAmortization_1":3637000000,
        "deferredIncomeTax":-1642000000,
        "stockBasedCompensation":4616000000,
        "changeInWorkingCapital":-741000000,
        "accountsReceivables":-1170000000,
        "inventory":0,
        "accountsPayables":250000000,
        "otherWorkingCapital":179000000,
        "otherNonCashItems":35000000,
        "netCashProvidedByOperatingActivities":19370000000,
        "investmentsInPropertyPlantAndEquipment":-8173000000,
        "acquisitionsNet":-57000000,
        "purchasesOfInvestments":-3289000000,
        "salesMaturitiesOfInvestments":3233000000,
        "otherInvestingActivities":-12000000,
        "netCashProvidedByInvestingActivities":-8298000000,
        "netDebtIssuance":-299000000,
        "longTermNetDebtIssuance":-299000000,
        "shortTermNetDebtIssuance":0,
        "netStockIssuance":-6299000000,
        "netCommonStockIssuance":-6299000000,
        "commonStockIssuance":0,
        "commonStockRepurchased":-6299000000,
        "netPreferredStockIssuance":0,
        "netDividendsPaid":-1266000000,
        "commonDividendsPaid":-1266000000,
        "preferredDividendsPaid":0,
        "otherFinancingActivities":-3314000000,
        "netCashProvidedByFinancingActivities":-11178000000,
        "effectOfForexChangesOnCash":-152000000,
        "netChangeInCash":-258000000,
        "cashAtEndOfPeriod":33026000000,
        "cashAtBeginningOfPeriod":33284000000,
        "operatingCashFlow":19370000000,
        "capitalExpenditure":-8173000000,
        "freeCashFlow":11197000000,
        "incomeTaxesPaid":5929000000,
        "interestPaid":124000000,
        "symbol_2":"META",
        "stockPrice":504.68,
        "numberOfShares":2534000000,
        "marketCapitalization":1278859120000,
        "minusCashAndCashEquivalents":32045000000,
        "addTotalDebt":37991000000,
        "enterpriseValue":1284805120000,
        "revenue_qoq":7.1759703744,
        "revenue_yoy":22.1006906466,
        "netIncome_qoq":8.860861832,
        "netIncome_yoy":72.8941961993,
        "operatingCashFlow_qoq":0.6442897225,
        "operatingCashFlow_yoy":11.9071003524,
        "eps_qoq":9.2592592593,
        "eps_yoy":75.2475247525
    },
    {
        "date":"2024-03-31",
        "symbol":"META",
        "reportedCurrency":"USD",
        "cik":"0001326801",
        "filingDate":"2024-04-25",
        "acceptedDate":"2024-04-24 20:14:19",
        "fiscalYear":"2024",
        "period":"Q1",
        "revenue":36455000000,
        "costOfRevenue":6640000000,
        "grossProfit":29815000000,
        "researchAndDevelopmentExpenses":9978000000,
        "generalAndAdministrativeExpenses":3455000000,
        "sellingAndMarketingExpenses":2564000000,
        "sellingGeneralAndAdministrativeExpenses":6019000000,
        "otherExpenses":0,
        "operatingExpenses":15997000000,
        "costAndExpenses":22637000000,
        "netInterestIncome":458000000,
        "interestIncome":585000000,
        "interestExpense":127000000,
        "depreciationAndAmortization":3374000000,
        "ebitda":17684000000,
        "ebit":14310000000,
        "nonOperatingIncomeExcludingInterest":-492000000,
        "operatingIncome":13818000000,
        "totalOtherIncomeExpensesNet":365000000,
        "incomeBeforeTax":14183000000,
        "incomeTaxExpense":1814000000,
        "netIncomeFromContinuingOperations":12369000000,
        "netIncomeFromDiscontinuedOperations":0,
        "otherAdjustmentsToNetIncome":0,
        "netIncome":12369000000,
        "netIncomeDeductions":0,
        "bottomLineNetIncome":12369000000,
        "eps":4.86,
        "epsDiluted":4.71,
        "weightedAverageShsOut":2545000000,
        "weightedAverageShsOutDil":2625000000,
        "symbol_1":"META",
        "reportedCurrency_1":"USD",
        "cik_1":"0001326801",
        "filingDate_1":"2024-04-25",
        "acceptedDate_1":"2024-04-24 20:14:19",
        "fiscalYear_1":"2024",
        "period_1":"Q1",
        "netIncome_1":12369000000,
        "depreciationAndAmortization_1":3374000000,
        "deferredIncomeTax":-456000000,
        "stockBasedCompensation":3562000000,
        "changeInWorkingCapital":223000000,
        "accountsReceivables":2520000000,
        "inventory":0,
        "accountsPayables":-1112000000,
        "otherWorkingCapital":-1185000000,
        "otherNonCashItems":174000000,
        "netCashProvidedByOperatingActivities":19246000000,
        "investmentsInPropertyPlantAndEquipment":-6400000000,
        "acquisitionsNet":-72000000,
        "purchasesOfInvestments":-6887000000,
        "salesMaturitiesOfInvestments":4625000000,
        "otherInvestingActivities":0,
        "netCashProvidedByInvestingActivities":-8734000000,
        "netDebtIssuance":-315000000,
        "longTermNetDebtIssuance":-315000000,
        "shortTermNetDebtIssuance":0,
        "netStockIssuance":-15008000000,
        "netCommonStockIssuance":-15008000000,
        "commonStockIssuance":0,
        "commonStockRepurchased":-15008000000,
        "netPreferredStockIssuance":0,
        "netDividendsPaid":-1273000000,
        "commonDividendsPaid":-1273000000,
        "preferredDividendsPaid":0,
        "otherFinancingActivities":-3171000000,
        "netCashProvidedByFinancingActivities":-19767000000,
        "effectOfForexChangesOnCash":-288000000,
        "netChangeInCash":-9570000000,
        "cashAtEndOfPeriod":32391000000,
        "cashAtBeginningOfPeriod":41961000000,
        "operatingCashFlow":19246000000,
        "capitalExpenditure":-6400000000,
        "freeCashFlow":12846000000,
        "incomeTaxesPaid":630000000,
        "interestPaid":121000000,
        "symbol_2":"META",
        "stockPrice":491.35,
        "numberOfShares":2545000000,
        "marketCapitalization":1250485750000,
        "minusCashAndCashEquivalents":32307000000,
        "addTotalDebt":37633000000,
        "enterpriseValue":1255811750000,
        "revenue_qoq":-9.1147066889,
        "revenue_yoy":27.2647931576,
        "netIncome_qoq":-11.7571520297,
        "netIncome_yoy":116.6579085654,
        "operatingCashFlow_qoq":-0.8142651,
        "operatingCashFlow_yoy":37.4910701529,
        "eps_qoq":-10.989010989,
        "eps_yoy":119.9095022624
    },
    {
        "date":"2023-12-31",
        "symbol":"META",
        "reportedCurrency":"USD",
        "cik":"0001326801",
        "filingDate":"2024-02-02",
        "acceptedDate":"2024-02-01 19:39:02",
        "fiscalYear":"2023",
        "period":"Q4",
        "revenue":40111000000,
        "costOfRevenue":7695000000,
        "grossProfit":32416000000,
        "researchAndDevelopmentExpenses":10517000000,
        "generalAndAdministrativeExpenses":2289000000,
        "sellingAndMarketingExpenses":3226000000,
        "sellingGeneralAndAdministrativeExpenses":5515000000,
        "otherExpenses":0,
        "operatingExpenses":16032000000,
        "costAndExpenses":23727000000,
        "netInterestIncome":452000000,
        "interestIncome":588000000,
        "interestExpense":136000000,
        "depreciationAndAmortization":3172000000,
        "ebitda":20115000000,
        "ebit":16943000000,
        "nonOperatingIncomeExcludingInterest":-559000000,
        "operatingIncome":16384000000,
        "totalOtherIncomeExpensesNet":423000000,
        "incomeBeforeTax":16807000000,
        "incomeTaxExpense":2790000000,
        "netIncomeFromContinuingOperations":14017000000,
        "netIncomeFromDiscontinuedOperations":0,
        "otherAdjustmentsToNetIncome":0,
        "netIncome":14017000000,
        "netIncomeDeductions":0,
        "bottomLineNetIncome":14017000000,
        "eps":5.46,
        "epsDiluted":5.33,
        "weightedAverageShsOut":2566000000,
        "weightedAverageShsOutDil":2630000000,
        "symbol_1":"META",
        "reportedCurrency_1":"USD",
        "cik_1":"0001326801",
        "filingDate_1":"2024-02-02",
        "acceptedDate_1":"2024-02-01 19:39:02",
        "fiscalYear_1":"2023",
        "period_1":"Q4",
        "netIncome_1":14017000000,
        "depreciationAndAmortization_1":3172000000,
        "deferredIncomeTax":-1161000000,
        "stockBasedCompensation":3424000000,
        "changeInWorkingCapital":-1271000000,
        "accountsReceivables":-2843000000,
        "inventory":0,
        "accountsPayables":594000000,
        "otherWorkingCapital":978000000,
        "otherNonCashItems":1223000000,
        "netCashProvidedByOperatingActivities":19404000000,
        "investmentsInPropertyPlantAndEquipment":-7665000000,
        "acquisitionsNet":-64000000,
        "purchasesOfInvestments":-1172000000,
        "salesMaturitiesOfInvestments":2359000000,
        "otherInvestingActivities":70000000,
        "netCashProvidedByInvestingActivities":-6472000000,
        "netDebtIssuance":-307000000,
        "longTermNetDebtIssuance":-307000000,
        "shortTermNetDebtIssuance":0,
        "netStockIssuance":-5942000000,
        "netCommonStockIssuance":-5942000000,
        "commonStockIssuance":0,
        "commonStockRepurchased":-5942000000,
        "netPreferredStockIssuance":0,
        "netDividendsPaid":0,
        "commonDividendsPaid":0,
        "preferredDividendsPaid":0,
        "otherFinancingActivities":-2152000000,
        "netCashProvidedByFinancingActivities":-8401000000,
        "effectOfForexChangesOnCash":396000000,
        "netChangeInCash":4927000000,
        "cashAtEndOfPeriod":42827000000,
        "cashAtBeginningOfPeriod":37900000000,
        "operatingCashFlow":19404000000,
        "capitalExpenditure":-7665000000,
        "freeCashFlow":11739000000,
        "incomeTaxesPaid":4591000000,
        "interestPaid":146000000,
        "symbol_2":"META",
        "stockPrice":353.96,
        "numberOfShares":2566000000,
        "marketCapitalization":908261360000,
        "minusCashAndCashEquivalents":41862000000,
        "addTotalDebt":37234000000,
        "enterpriseValue":903633360000,
        "revenue_qoq":17.4691032625,
        "revenue_yoy":24.7038706669,
        "netIncome_qoq":21.0135543469,
        "netIncome_yoy":201.2465076295,
        "operatingCashFlow_qoq":-4.8916772865,
        "operatingCashFlow_yoy":33.7192474674,
        "eps_qoq":21.3333333333,
        "eps_yoy":210.2272727273
    },
    {
        "date":"2023-09-30",
        "symbol":"META",
        "reportedCurrency":"USD",
        "cik":"0001326801",
        "filingDate":"2023-10-26",
        "acceptedDate":"2023-10-25 20:07:27",
        "fiscalYear":"2023",
        "period":"Q3",
        "revenue":34146000000,
        "costOfRevenue":6210000000,
        "grossProfit":27936000000,
        "researchAndDevelopmentExpenses":9241000000,
        "generalAndAdministrativeExpenses":2070000000,
        "sellingAndMarketingExpenses":2877000000,
        "sellingGeneralAndAdministrativeExpenses":4947000000,
        "otherExpenses":0,
        "operatingExpenses":14188000000,
        "costAndExpenses":20398000000,
        "netInterestIncome":395000000,
        "interestIncome":534000000,
        "interestExpense":139000000,
        "depreciationAndAmortization":2859000000,
        "ebitda":17018000000,
        "ebit":14159000000,
        "nonOperatingIncomeExcludingInterest":-411000000,
        "operatingIncome":13748000000,
        "totalOtherIncomeExpensesNet":272000000,
        "incomeBeforeTax":14020000000,
        "incomeTaxExpense":2437000000,
        "netIncomeFromContinuingOperations":11583000000,
        "netIncomeFromDiscontinuedOperations":0,
        "otherAdjustmentsToNetIncome":0,
        "netIncome":11583000000,
        "netIncomeDeductions":0,
        "bottomLineNetIncome":11583000000,
        "eps":4.5,
        "epsDiluted":4.39,
        "weightedAverageShsOut":2576000000,
        "weightedAverageShsOutDil":2641000000,
        "symbol_1":"META",
        "reportedCurrency_1":"USD",
        "cik_1":"0001326801",
        "filingDate_1":"2023-10-26",
        "acceptedDate_1":"2023-10-25 20:07:27",
        "fiscalYear_1":"2023",
        "period_1":"Q3",
        "netIncome_1":11583000000,
        "depreciationAndAmortization_1":2859000000,
        "deferredIncomeTax":3049000000,
        "stockBasedCompensation":3492000000,
        "changeInWorkingCapital":-995000000,
        "accountsReceivables":-678000000,
        "inventory":0,
        "accountsPayables":612000000,
        "otherWorkingCapital":-929000000,
        "otherNonCashItems":414000000,
        "netCashProvidedByOperatingActivities":20402000000,
        "investmentsInPropertyPlantAndEquipment":-6543000000,
        "acquisitionsNet":-38000000,
        "purchasesOfInvestments":-1007000000,
        "salesMaturitiesOfInvestments":1474000000,
        "otherInvestingActivities":37000000,
        "netCashProvidedByInvestingActivities":-6077000000,
        "netDebtIssuance":-267000000,
        "longTermNetDebtIssuance":-267000000,
        "shortTermNetDebtIssuance":0,
        "netStockIssuance":-3569000000,
        "netCommonStockIssuance":-3569000000,
        "commonStockIssuance":0,
        "commonStockRepurchased":-3569000000,
        "netPreferredStockIssuance":0,
        "netDividendsPaid":0,
        "commonDividendsPaid":0,
        "preferredDividendsPaid":0,
        "otherFinancingActivities":-2039000000,
        "netCashProvidedByFinancingActivities":-5875000000,
        "effectOfForexChangesOnCash":-354000000,
        "netChangeInCash":8096000000,
        "cashAtEndOfPeriod":37900000000,
        "cashAtBeginningOfPeriod":29804000000,
        "operatingCashFlow":20402000000,
        "capitalExpenditure":-6543000000,
        "freeCashFlow":13859000000,
        "incomeTaxesPaid":509000000,
        "interestPaid":120000000,
        "symbol_2":"META",
        "stockPrice":300.21,
        "numberOfShares":2576000000,
        "marketCapitalization":773340960000,
        "minusCashAndCashEquivalents":36890000000,
        "addTotalDebt":36217000000,
        "enterpriseValue":772667960000,
        "revenue_qoq":6.7095846745,
        "revenue_yoy":23.2084866854,
        "netIncome_qoq":48.7288135593,
        "netIncome_yoy":163.5494880546,
        "operatingCashFlow_qoq":17.8693165405,
        "operatingCashFlow_yoy":110.5252295945,
        "eps_qoq":48.5148514851,
        "eps_yoy":174.3902439024
    },
    {
        "date":"2023-06-30",
        "symbol":"META",
        "reportedCurrency":"USD",
        "cik":"0001326801",
        "filingDate":"2023-07-27",
        "acceptedDate":"2023-07-26 20:11:08",
        "fiscalYear":"2023",
        "period":"Q2",
        "revenue":31999000000,
        "costOfRevenue":5945000000,
        "grossProfit":26054000000,
        "researchAndDevelopmentExpenses":9344000000,
        "generalAndAdministrativeExpenses":4164000000,
        "sellingAndMarketingExpenses":3154000000,
        "sellingGeneralAndAdministrativeExpenses":7318000000,
        "otherExpenses":0,
        "operatingExpenses":16662000000,
        "costAndExpenses":22607000000,
        "netInterestIncome":207000000,
        "interestIncome":323000000,
        "interestExpense":116000000,
        "depreciationAndAmortization":2623000000,
        "ebitda":12032000000,
        "ebit":9409000000,
        "nonOperatingIncomeExcludingInterest":-17000000,
        "operatingIncome":9392000000,
        "totalOtherIncomeExpensesNet":-99000000,
        "incomeBeforeTax":9293000000,
        "incomeTaxExpense":1505000000,
        "netIncomeFromContinuingOperations":7788000000,
        "netIncomeFromDiscontinuedOperations":0,
        "otherAdjustmentsToNetIncome":0,
        "netIncome":7788000000,
        "netIncomeDeductions":0,
        "bottomLineNetIncome":7788000000,
        "eps":3.03,
        "epsDiluted":2.98,
        "weightedAverageShsOut":2568000000,
        "weightedAverageShsOutDil":2612000000,
        "symbol_1":"META",
        "reportedCurrency_1":"USD",
        "cik_1":"0001326801",
        "filingDate_1":"2023-07-27",
        "acceptedDate_1":"2023-07-26 20:11:08",
        "fiscalYear_1":"2023",
        "period_1":"Q2",
        "netIncome_1":7788000000,
        "depreciationAndAmortization_1":2623000000,
        "deferredIncomeTax":-1137000000,
        "stockBasedCompensation":4060000000,
        "changeInWorkingCapital":3531000000,
        "accountsReceivables":-1424000000,
        "inventory":0,
        "accountsPayables":-51000000,
        "otherWorkingCapital":5006000000,
        "otherNonCashItems":444000000,
        "netCashProvidedByOperatingActivities":17309000000,
        "investmentsInPropertyPlantAndEquipment":-6216000000,
        "acquisitionsNet":-83000000,
        "purchasesOfInvestments":-717000000,
        "salesMaturitiesOfInvestments":1816000000,
        "otherInvestingActivities":-3000000,
        "netCashProvidedByInvestingActivities":-5203000000,
        "netDebtIssuance":8235000000,
        "longTermNetDebtIssuance":8235000000,
        "shortTermNetDebtIssuance":0,
        "netStockIssuance":-898000000,
        "netCommonStockIssuance":-898000000,
        "commonStockIssuance":0,
        "commonStockRepurchased":-898000000,
        "netPreferredStockIssuance":0,
        "netDividendsPaid":0,
        "commonDividendsPaid":0,
        "preferredDividendsPaid":0,
        "otherFinancingActivities":-2045000000,
        "netCashProvidedByFinancingActivities":5292000000,
        "effectOfForexChangesOnCash":-14000000,
        "netChangeInCash":17384000000,
        "cashAtEndOfPeriod":29804000000,
        "cashAtBeginningOfPeriod":12420000000,
        "operatingCashFlow":17309000000,
        "capitalExpenditure":-6216000000,
        "freeCashFlow":11093000000,
        "incomeTaxesPaid":1102000000,
        "interestPaid":0,
        "symbol_2":"META",
        "stockPrice":286.98,
        "numberOfShares":2568000000,
        "marketCapitalization":736964640000,
        "minusCashAndCashEquivalents":28785000000,
        "addTotalDebt":36218000000,
        "enterpriseValue":744397640000,
        "revenue_qoq":11.708849712,
        "revenue_yoy":11.0228297828,
        "netIncome_qoq":36.4161849711,
        "netIncome_yoy":16.4647824136,
        "operatingCashFlow_qoq":23.6533790542,
        "operatingCashFlow_yoy":41.9119455604,
        "eps_qoq":37.1040723982,
        "eps_yoy":22.6720647773
    },
    {
        "date":"2023-03-31",
        "symbol":"META",
        "reportedCurrency":"USD",
        "cik":"0001326801",
        "filingDate":"2023-04-27",
        "acceptedDate":"2023-04-26 20:56:18",
        "fiscalYear":"2023",
        "period":"Q1",
        "revenue":28645000000,
        "costOfRevenue":6108000000,
        "grossProfit":22537000000,
        "researchAndDevelopmentExpenses":9381000000,
        "generalAndAdministrativeExpenses":2885000000,
        "sellingAndMarketingExpenses":3044000000,
        "sellingGeneralAndAdministrativeExpenses":5929000000,
        "otherExpenses":0,
        "operatingExpenses":15310000000,
        "costAndExpenses":21418000000,
        "netInterestIncome":138000000,
        "interestIncome":193000000,
        "interestExpense":55000000,
        "depreciationAndAmortization":2524000000,
        "ebitda":9886000000,
        "ebit":7362000000,
        "nonOperatingIncomeExcludingInterest":-135000000,
        "operatingIncome":7227000000,
        "totalOtherIncomeExpensesNet":80000000,
        "incomeBeforeTax":7307000000,
        "incomeTaxExpense":1598000000,
        "netIncomeFromContinuingOperations":5709000000,
        "netIncomeFromDiscontinuedOperations":0,
        "otherAdjustmentsToNetIncome":0,
        "netIncome":5709000000,
        "netIncomeDeductions":0,
        "bottomLineNetIncome":5709000000,
        "eps":2.21,
        "epsDiluted":2.2,
        "weightedAverageShsOut":2587000000,
        "weightedAverageShsOutDil":2596000000,
        "symbol_1":"META",
        "reportedCurrency_1":"USD",
        "cik_1":"0001326801",
        "filingDate_1":"2023-04-27",
        "acceptedDate_1":"2023-04-26 20:56:18",
        "fiscalYear_1":"2023",
        "period_1":"Q1",
        "netIncome_1":5709000000,
        "depreciationAndAmortization_1":2524000000,
        "deferredIncomeTax":-620000000,
        "stockBasedCompensation":3051000000,
        "changeInWorkingCapital":2571000000,
        "accountsReceivables":2546000000,
        "inventory":0,
        "accountsPayables":-1104000000,
        "otherWorkingCapital":1129000000,
        "otherNonCashItems":763000000,
        "netCashProvidedByOperatingActivities":13998000000,
        "investmentsInPropertyPlantAndEquipment":-6842000000,
        "acquisitionsNet":-444000000,
        "purchasesOfInvestments":-85000000,
        "salesMaturitiesOfInvestments":534000000,
        "otherInvestingActivities":94000000,
        "netCashProvidedByInvestingActivities":-6743000000,
        "netDebtIssuance":-264000000,
        "longTermNetDebtIssuance":-264000000,
        "shortTermNetDebtIssuance":0,
        "netStockIssuance":-9365000000,
        "netCommonStockIssuance":-9365000000,
        "commonStockIssuance":0,
        "commonStockRepurchased":-9365000000,
        "netPreferredStockIssuance":0,
        "netDividendsPaid":0,
        "commonDividendsPaid":0,
        "preferredDividendsPaid":0,
        "otherFinancingActivities":-887000000,
        "netCashProvidedByFinancingActivities":-10516000000,
        "effectOfForexChangesOnCash":85000000,
        "netChangeInCash":-3176000000,
        "cashAtEndOfPeriod":12420000000,
        "cashAtBeginningOfPeriod":15596000000,
        "operatingCashFlow":13998000000,
        "capitalExpenditure":-6842000000,
        "freeCashFlow":7156000000,
        "incomeTaxesPaid":405000000,
        "interestPaid":182000000,
        "symbol_2":"META",
        "stockPrice":211.94,
        "numberOfShares":2587000000,
        "marketCapitalization":548288780000,
        "minusCashAndCashEquivalents":11551000000,
        "addTotalDebt":27575000000,
        "enterpriseValue":564312780000,
        "revenue_qoq":-10.9435722058,
        "revenue_yoy":2.6408198366,
        "netIncome_qoq":22.695035461,
        "netIncome_yoy":-23.5231078366,
        "operatingCashFlow_qoq":-3.5352491214,
        "operatingCashFlow_yoy":-0.5541346974,
        "eps_qoq":25.5681818182,
        "eps_yoy":-19.3430656934
    },
    {
        "date":"2022-12-31",
        "symbol":"META",
        "reportedCurrency":"USD",
        "cik":"0001326801",
        "filingDate":"2023-02-02",
        "acceptedDate":"2023-02-01 20:26:31",
        "fiscalYear":"2022",
        "period":"Q4",
        "revenue":32165000000,
        "costOfRevenue":8336000000,
        "grossProfit":23829000000,
        "researchAndDevelopmentExpenses":9771000000,
        "generalAndAdministrativeExpenses":3085000000,
        "sellingAndMarketingExpenses":4574000000,
        "sellingGeneralAndAdministrativeExpenses":7659000000,
        "otherExpenses":0,
        "operatingExpenses":17430000000,
        "costAndExpenses":25766000000,
        "netInterestIncome":32000000,
        "interestIncome":142000000,
        "interestExpense":110000000,
        "depreciationAndAmortization":2376000000,
        "ebitda":8775000000,
        "ebit":6399000000,
        "nonOperatingIncomeExcludingInterest":0,
        "operatingIncome":6399000000,
        "totalOtherIncomeExpensesNet":-250000000,
        "incomeBeforeTax":6149000000,
        "incomeTaxExpense":1496000000,
        "netIncomeFromContinuingOperations":4653000000,
        "netIncomeFromDiscontinuedOperations":0,
        "otherAdjustmentsToNetIncome":0,
        "netIncome":4653000000,
        "netIncomeDeductions":0,
        "bottomLineNetIncome":4653000000,
        "eps":1.76,
        "epsDiluted":1.76,
        "weightedAverageShsOut":2638000000,
        "weightedAverageShsOutDil":2640000000,
        "symbol_1":"META",
        "reportedCurrency_1":"USD",
        "cik_1":"0001326801",
        "filingDate_1":"2023-02-02",
        "acceptedDate_1":"2023-02-01 20:26:31",
        "fiscalYear_1":"2022",
        "period_1":"Q4",
        "netIncome_1":4652000000,
        "depreciationAndAmortization_1":2376000000,
        "deferredIncomeTax":-1173000000,
        "stockBasedCompensation":3008000000,
        "changeInWorkingCapital":1930000000,
        "accountsReceivables":-1698000000,
        "inventory":0,
        "accountsPayables":876000000,
        "otherWorkingCapital":2752000000,
        "otherNonCashItems":3718000000,
        "netCashProvidedByOperatingActivities":14511000000,
        "investmentsInPropertyPlantAndEquipment":-9043000000,
        "acquisitionsNet":-62000000,
        "purchasesOfInvestments":-741000000,
        "salesMaturitiesOfInvestments":2263000000,
        "otherInvestingActivities":52000000,
        "netCashProvidedByInvestingActivities":-7531000000,
        "netDebtIssuance":15000000,
        "longTermNetDebtIssuance":-235000000,
        "shortTermNetDebtIssuance":250000000,
        "netStockIssuance":-6863000000,
        "netCommonStockIssuance":-6863000000,
        "commonStockIssuance":0,
        "commonStockRepurchased":-6863000000,
        "netPreferredStockIssuance":0,
        "netDividendsPaid":0,
        "commonDividendsPaid":0,
        "preferredDividendsPaid":0,
        "otherFinancingActivities":-211000000,
        "netCashProvidedByFinancingActivities":-7059000000,
        "effectOfForexChangesOnCash":424000000,
        "netChangeInCash":345000000,
        "cashAtEndOfPeriod":15596000000,
        "cashAtBeginningOfPeriod":15251000000,
        "operatingCashFlow":14511000000,
        "capitalExpenditure":-9043000000,
        "freeCashFlow":5468000000,
        "incomeTaxesPaid":1760000000,
        "interestPaid":0,
        "symbol_2":"META",
        "stockPrice":120.34,
        "numberOfShares":2638000000,
        "marketCapitalization":317456920000,
        "minusCashAndCashEquivalents":14681000000,
        "addTotalDebt":26591000000,
        "enterpriseValue":329366920000,
        "revenue_qoq":16.0604748503,
        "revenue_yoy":-4.4726916338,
        "netIncome_qoq":5.8703071672,
        "netIncome_yoy":-54.7593582888,
        "operatingCashFlow_qoq":49.7368692601,
        "operatingCashFlow_yoy":-19.8464427751,
        "eps_qoq":7.3170731707,
        "eps_yoy":-52.688172043
    },
    {
        "date":"2022-09-30",
        "symbol":"META",
        "reportedCurrency":"USD",
        "cik":"0001326801",
        "filingDate":"2022-10-27",
        "acceptedDate":"2022-10-26 20:26:36",
        "fiscalYear":"2022",
        "period":"Q3",
        "revenue":27714000000,
        "costOfRevenue":5716000000,
        "grossProfit":21998000000,
        "researchAndDevelopmentExpenses":9170000000,
        "generalAndAdministrativeExpenses":3384000000,
        "sellingAndMarketingExpenses":3780000000,
        "sellingGeneralAndAdministrativeExpenses":7164000000,
        "otherExpenses":0,
        "operatingExpenses":16334000000,
        "costAndExpenses":22050000000,
        "netInterestIncome":77000000,
        "interestIncome":142000000,
        "interestExpense":65000000,
        "depreciationAndAmortization":2175000000,
        "ebitda":7839000000,
        "ebit":5641000000,
        "nonOperatingIncomeExcludingInterest":23000000,
        "operatingIncome":5664000000,
        "totalOtherIncomeExpensesNet":-88000000,
        "incomeBeforeTax":5576000000,
        "incomeTaxExpense":1181000000,
        "netIncomeFromContinuingOperations":4395000000,
        "netIncomeFromDiscontinuedOperations":0,
        "otherAdjustmentsToNetIncome":0,
        "netIncome":4395000000,
        "netIncomeDeductions":0,
        "bottomLineNetIncome":4395000000,
        "eps":1.64,
        "epsDiluted":1.64,
        "weightedAverageShsOut":2682000000,
        "weightedAverageShsOutDil":2687000000,
        "symbol_1":"META",
        "reportedCurrency_1":"USD",
        "cik_1":"0001326801",
        "filingDate_1":"2022-10-27",
        "acceptedDate_1":"2022-10-26 20:26:36",
        "fiscalYear_1":"2022",
        "period_1":"Q3",
        "netIncome_1":4395000000,
        "depreciationAndAmortization_1":2175000000,
        "deferredIncomeTax":-1097000000,
        "stockBasedCompensation":3134000000,
        "changeInWorkingCapital":567000000,
        "accountsReceivables":-105000000,
        "inventory":0,
        "accountsPayables":-22000000,
        "otherWorkingCapital":694000000,
        "otherNonCashItems":517000000,
        "netCashProvidedByOperatingActivities":9691000000,
        "investmentsInPropertyPlantAndEquipment":-9375000000,
        "acquisitionsNet":-34000000,
        "purchasesOfInvestments":-2597000000,
        "salesMaturitiesOfInvestments":2269000000,
        "otherInvestingActivities":36000000,
        "netCashProvidedByInvestingActivities":-9701000000,
        "netDebtIssuance":9567000000,
        "longTermNetDebtIssuance":9758000000,
        "shortTermNetDebtIssuance":-191000000,
        "netStockIssuance":-6354000000,
        "netCommonStockIssuance":-6354000000,
        "commonStockIssuance":0,
        "commonStockRepurchased":-6354000000,
        "netPreferredStockIssuance":0,
        "netDividendsPaid":0,
        "commonDividendsPaid":0,
        "preferredDividendsPaid":0,
        "otherFinancingActivities":-1066000000,
        "netCashProvidedByFinancingActivities":2147000000,
        "effectOfForexChangesOnCash":-364000000,
        "netChangeInCash":1773000000,
        "cashAtEndOfPeriod":15251000000,
        "cashAtBeginningOfPeriod":13478000000,
        "operatingCashFlow":9691000000,
        "capitalExpenditure":-9375000000,
        "freeCashFlow":316000000,
        "incomeTaxesPaid":2006000000,
        "interestPaid":0,
        "symbol_2":"META",
        "stockPrice":135.68,
        "numberOfShares":2682000000,
        "marketCapitalization":363893760000,
        "minusCashAndCashEquivalents":14308000000,
        "addTotalDebt":25900000000,
        "enterpriseValue":375485760000,
        "revenue_qoq":-3.8442856152,
        "revenue_yoy":-4.4674250259,
        "netIncome_qoq":-34.2754598475,
        "netIncome_yoy":-52.1970850555,
        "operatingCashFlow_qoq":-20.5460359105,
        "operatingCashFlow_yoy":-31.2256049961,
        "eps_qoq":-33.6032388664,
        "eps_yoy":-49.8470948012
    },
    {
        "date":"2022-06-30",
        "symbol":"META",
        "reportedCurrency":"USD",
        "cik":"0001326801",
        "filingDate":"2022-07-28",
        "acceptedDate":"2022-07-27 20:44:34",
        "fiscalYear":"2022",
        "period":"Q2",
        "revenue":28822000000,
        "costOfRevenue":5192000000,
        "grossProfit":23630000000,
        "researchAndDevelopmentExpenses":8690000000,
        "generalAndAdministrativeExpenses":2987000000,
        "sellingAndMarketingExpenses":3595000000,
        "sellingGeneralAndAdministrativeExpenses":6582000000,
        "otherExpenses":0,
        "operatingExpenses":15272000000,
        "costAndExpenses":20464000000,
        "netInterestIncome":91000000,
        "interestIncome":96000000,
        "interestExpense":5000000,
        "depreciationAndAmortization":1979000000,
        "ebitda":10170000000,
        "ebit":8191000000,
        "nonOperatingIncomeExcludingInterest":167000000,
        "operatingIncome":8358000000,
        "totalOtherIncomeExpensesNet":-172000000,
        "incomeBeforeTax":8186000000,
        "incomeTaxExpense":1499000000,
        "netIncomeFromContinuingOperations":6687000000,
        "netIncomeFromDiscontinuedOperations":0,
        "otherAdjustmentsToNetIncome":0,
        "netIncome":6687000000,
        "netIncomeDeductions":0,
        "bottomLineNetIncome":6687000000,
        "eps":2.47,
        "epsDiluted":2.46,
        "weightedAverageShsOut":2704000000,
        "weightedAverageShsOutDil":2713000000,
        "symbol_1":"META",
        "reportedCurrency_1":"USD",
        "cik_1":"0001326801",
        "filingDate_1":"2022-07-28",
        "acceptedDate_1":"2022-07-27 20:44:34",
        "fiscalYear_1":"2022",
        "period_1":"Q2",
        "netIncome_1":6687000000,
        "depreciationAndAmortization_1":1979000000,
        "deferredIncomeTax":-453000000,
        "stockBasedCompensation":3351000000,
        "changeInWorkingCapital":444000000,
        "accountsReceivables":-522000000,
        "inventory":0,
        "accountsPayables":237000000,
        "otherWorkingCapital":728000000,
        "otherNonCashItems":189000000,
        "netCashProvidedByOperatingActivities":12197000000,
        "investmentsInPropertyPlantAndEquipment":-7572000000,
        "acquisitionsNet":-363000000,
        "purchasesOfInvestments":-2220000000,
        "salesMaturitiesOfInvestments":3159000000,
        "otherInvestingActivities":37000000,
        "netCashProvidedByInvestingActivities":-6959000000,
        "netDebtIssuance":-219000000,
        "longTermNetDebtIssuance":-219000000,
        "shortTermNetDebtIssuance":0,
        "netStockIssuance":-5233000000,
        "netCommonStockIssuance":-5233000000,
        "commonStockIssuance":0,
        "commonStockRepurchased":-5233000000,
        "netPreferredStockIssuance":0,
        "netDividendsPaid":0,
        "commonDividendsPaid":0,
        "preferredDividendsPaid":0,
        "otherFinancingActivities":-1111000000,
        "netCashProvidedByFinancingActivities":-6563000000,
        "effectOfForexChangesOnCash":-550000000,
        "netChangeInCash":-1875000000,
        "cashAtEndOfPeriod":13478000000,
        "cashAtBeginningOfPeriod":15353000000,
        "operatingCashFlow":12197000000,
        "capitalExpenditure":-7572000000,
        "freeCashFlow":4625000000,
        "incomeTaxesPaid":2139000000,
        "interestPaid":0,
        "symbol_2":"META",
        "stockPrice":161.25,
        "numberOfShares":2704000000,
        "marketCapitalization":436020000000,
        "minusCashAndCashEquivalents":12681000000,
        "addTotalDebt":16067000000,
        "enterpriseValue":439406000000,
        "revenue_qoq":3.2750465816,
        "revenue_yoy":-0.8769818069,
        "netIncome_qoq":-10.4219691896,
        "netIncome_yoy":-35.6648066192,
        "operatingCashFlow_qoq":-13.3489627735,
        "operatingCashFlow_yoy":-7.9193718859,
        "eps_qoq":-9.8540145985,
        "eps_yoy":-32.6975476839
    },
    {
        "date":"2022-03-31",
        "symbol":"META",
        "reportedCurrency":"USD",
        "cik":"0001326801",
        "filingDate":"2022-04-28",
        "acceptedDate":"2022-04-27 20:42:59",
        "fiscalYear":"2022",
        "period":"Q1",
        "revenue":27908000000,
        "costOfRevenue":6005000000,
        "grossProfit":21903000000,
        "researchAndDevelopmentExpenses":7707000000,
        "generalAndAdministrativeExpenses":2360000000,
        "sellingAndMarketingExpenses":3312000000,
        "sellingGeneralAndAdministrativeExpenses":5672000000,
        "otherExpenses":0,
        "operatingExpenses":13379000000,
        "costAndExpenses":19384000000,
        "netInterestIncome":76000000,
        "interestIncome":81000000,
        "interestExpense":5000000,
        "depreciationAndAmortization":2156000000,
        "ebitda":11069000000,
        "ebit":8913000000,
        "nonOperatingIncomeExcludingInterest":-389000000,
        "operatingIncome":8524000000,
        "totalOtherIncomeExpensesNet":384000000,
        "incomeBeforeTax":8908000000,
        "incomeTaxExpense":1443000000,
        "netIncomeFromContinuingOperations":7465000000,
        "netIncomeFromDiscontinuedOperations":0,
        "otherAdjustmentsToNetIncome":0,
        "netIncome":7465000000,
        "netIncomeDeductions":0,
        "bottomLineNetIncome":7465000000,
        "eps":2.74,
        "epsDiluted":2.72,
        "weightedAverageShsOut":2725000000,
        "weightedAverageShsOutDil":2742000000,
        "symbol_1":"META",
        "reportedCurrency_1":"USD",
        "cik_1":"0001326801",
        "filingDate_1":"2022-04-28",
        "acceptedDate_1":"2022-04-27 20:42:59",
        "fiscalYear_1":"2022",
        "period_1":"Q1",
        "netIncome_1":7465000000,
        "depreciationAndAmortization_1":2156000000,
        "deferredIncomeTax":-563000000,
        "stockBasedCompensation":2498000000,
        "changeInWorkingCapital":2741000000,
        "accountsReceivables":2557000000,
        "inventory":0,
        "accountsPayables":-882000000,
        "otherWorkingCapital":1066000000,
        "otherNonCashItems":-221000000,
        "netCashProvidedByOperatingActivities":14076000000,
        "investmentsInPropertyPlantAndEquipment":-5441000000,
        "acquisitionsNet":-853000000,
        "purchasesOfInvestments":-4068000000,
        "salesMaturitiesOfInvestments":5467000000,
        "otherInvestingActivities":116000000,
        "netCashProvidedByInvestingActivities":-4779000000,
        "netDebtIssuance":-213000000,
        "longTermNetDebtIssuance":-233000000,
        "shortTermNetDebtIssuance":20000000,
        "netStockIssuance":-9506000000,
        "netCommonStockIssuance":-9506000000,
        "commonStockIssuance":0,
        "commonStockRepurchased":-9506000000,
        "netPreferredStockIssuance":0,
        "netDividendsPaid":0,
        "commonDividendsPaid":0,
        "preferredDividendsPaid":0,
        "otherFinancingActivities":-941000000,
        "netCashProvidedByFinancingActivities":-10660000000,
        "effectOfForexChangesOnCash":-149000000,
        "netChangeInCash":-1512000000,
        "cashAtEndOfPeriod":15353000000,
        "cashAtBeginningOfPeriod":16865000000,
        "operatingCashFlow":14076000000,
        "capitalExpenditure":-5441000000,
        "freeCashFlow":8635000000,
        "incomeTaxesPaid":502000000,
        "interestPaid":0,
        "symbol_2":"META",
        "stockPrice":222.36,
        "numberOfShares":2725000000,
        "marketCapitalization":605931000000,
        "minusCashAndCashEquivalents":14886000000,
        "addTotalDebt":14053000000,
        "enterpriseValue":605098000000,
        "revenue_qoq":-17.1156187817,
        "revenue_yoy":6.63711742,
        "netIncome_qoq":-27.4185707341,
        "netIncome_yoy":-21.3962303885,
        "operatingCashFlow_qoq":-22.2492266902,
        "operatingCashFlow_yoy":14.9812122202,
        "eps_qoq":-26.3440860215,
        "eps_yoy":-17.9640718563
    },
    {
        "date":"2021-12-31",
        "symbol":"META",
        "reportedCurrency":"USD",
        "cik":"0001326801",
        "filingDate":"2022-02-03",
        "acceptedDate":"2022-02-02 21:11:04",
        "fiscalYear":"2021",
        "period":"Q4",
        "revenue":33671000000,
        "costOfRevenue":6348000000,
        "grossProfit":27323000000,
        "researchAndDevelopmentExpenses":7046000000,
        "generalAndAdministrativeExpenses":3305000000,
        "sellingAndMarketingExpenses":4387000000,
        "sellingGeneralAndAdministrativeExpenses":7692000000,
        "otherExpenses":0,
        "operatingExpenses":14738000000,
        "costAndExpenses":21086000000,
        "netInterestIncome":102000000,
        "interestIncome":102000000,
        "interestExpense":0,
        "depreciationAndAmortization":2014000000,
        "ebitda":14599000000,
        "ebit":12585000000,
        "nonOperatingIncomeExcludingInterest":0,
        "operatingIncome":12585000000,
        "totalOtherIncomeExpensesNet":118000000,
        "incomeBeforeTax":12703000000,
        "incomeTaxExpense":2418000000,
        "netIncomeFromContinuingOperations":10285000000,
        "netIncomeFromDiscontinuedOperations":0,
        "otherAdjustmentsToNetIncome":0,
        "netIncome":10285000000,
        "netIncomeDeductions":0,
        "bottomLineNetIncome":10285000000,
        "eps":3.72,
        "epsDiluted":3.68,
        "weightedAverageShsOut":2797078000,
        "weightedAverageShsOutDil":2799000000,
        "symbol_1":"META",
        "reportedCurrency_1":"USD",
        "cik_1":"0001326801",
        "filingDate_1":"2022-02-03",
        "acceptedDate_1":"2022-02-02 21:11:04",
        "fiscalYear_1":"2021",
        "period_1":"Q4",
        "netIncome_1":10285000000,
        "depreciationAndAmortization_1":2014000000,
        "deferredIncomeTax":748000000,
        "stockBasedCompensation":2406000000,
        "changeInWorkingCapital":2616000000,
        "accountsReceivables":-2038000000,
        "inventory":0,
        "accountsPayables":876000000,
        "otherWorkingCapital":3778000000,
        "otherNonCashItems":34000000,
        "netCashProvidedByOperatingActivities":18104000000,
        "investmentsInPropertyPlantAndEquipment":-5370000000,
        "acquisitionsNet":-523000000,
        "purchasesOfInvestments":-6093000000,
        "salesMaturitiesOfInvestments":17938000000,
        "otherInvestingActivities":-123000000,
        "netCashProvidedByInvestingActivities":5829000000,
        "netDebtIssuance":-173000000,
        "longTermNetDebtIssuance":-172000000,
        "shortTermNetDebtIssuance":-1000000,
        "netStockIssuance":-20061000000,
        "netCommonStockIssuance":-20061000000,
        "commonStockIssuance":0,
        "commonStockRepurchased":-20061000000,
        "netPreferredStockIssuance":0,
        "netDividendsPaid":0,
        "commonDividendsPaid":0,
        "preferredDividendsPaid":0,
        "otherFinancingActivities":-1508000000,
        "netCashProvidedByFinancingActivities":-21742000000,
        "effectOfForexChangesOnCash":-130000000,
        "netChangeInCash":2061000000,
        "cashAtEndOfPeriod":16865000000,
        "cashAtBeginningOfPeriod":14804000000,
        "operatingCashFlow":18104000000,
        "capitalExpenditure":-5370000000,
        "freeCashFlow":12734000000,
        "incomeTaxesPaid":606000000,
        "interestPaid":0,
        "symbol_2":"META",
        "stockPrice":336.35,
        "numberOfShares":2797078000,
        "marketCapitalization":940797185300,
        "minusCashAndCashEquivalents":16601000000,
        "addTotalDebt":13873000000,
        "enterpriseValue":938069185300,
        "revenue_qoq":16.0668734919,
        "revenue_yoy":19.9451410658,
        "netIncome_qoq":11.8664346313,
        "netIncome_yoy":-8.3251626705,
        "operatingCashFlow_qoq":28.4791711021,
        "operatingCashFlow_yoy":28.9458689459,
        "eps_qoq":13.7614678899,
        "eps_yoy":-5.5837563452
    },
    {
        "date":"2021-09-30",
        "symbol":"META",
        "reportedCurrency":"USD",
        "cik":"0001326801",
        "filingDate":"2021-10-26",
        "acceptedDate":"2021-10-25 20:44:20",
        "fiscalYear":"2021",
        "period":"Q3",
        "revenue":29010000000,
        "costOfRevenue":5771000000,
        "grossProfit":23239000000,
        "researchAndDevelopmentExpenses":6316000000,
        "generalAndAdministrativeExpenses":2946000000,
        "sellingAndMarketingExpenses":3554000000,
        "sellingGeneralAndAdministrativeExpenses":6500000000,
        "otherExpenses":0,
        "operatingExpenses":12816000000,
        "costAndExpenses":18587000000,
        "netInterestIncome":120000000,
        "interestIncome":120000000,
        "interestExpense":0,
        "depreciationAndAmortization":1995000000,
        "ebitda":12418000000,
        "ebit":10423000000,
        "nonOperatingIncomeExcludingInterest":0,
        "operatingIncome":10423000000,
        "totalOtherIncomeExpensesNet":142000000,
        "incomeBeforeTax":10565000000,
        "incomeTaxExpense":1371000000,
        "netIncomeFromContinuingOperations":9194000000,
        "netIncomeFromDiscontinuedOperations":0,
        "otherAdjustmentsToNetIncome":0,
        "netIncome":9194000000,
        "netIncomeDeductions":0,
        "bottomLineNetIncome":9194000000,
        "eps":3.27,
        "epsDiluted":3.22,
        "weightedAverageShsOut":2855280000,
        "weightedAverageShsOutDil":2859000000,
        "symbol_1":"META",
        "reportedCurrency_1":"USD",
        "cik_1":"0001326801",
        "filingDate_1":"2021-10-26",
        "acceptedDate_1":"2021-10-25 20:44:20",
        "fiscalYear_1":"2021",
        "period_1":"Q3",
        "netIncome_1":9194000000,
        "depreciationAndAmortization_1":1995000000,
        "deferredIncomeTax":-786000000,
        "stockBasedCompensation":2379000000,
        "changeInWorkingCapital":1382000000,
        "accountsReceivables":-555000000,
        "inventory":0,
        "accountsPayables":694000000,
        "otherWorkingCapital":1244000000,
        "otherNonCashItems":-73000000,
        "netCashProvidedByOperatingActivities":14091000000,
        "investmentsInPropertyPlantAndEquipment":-4313000000,
        "acquisitionsNet":-98000000,
        "purchasesOfInvestments":-7786000000,
        "salesMaturitiesOfInvestments":11984000000,
        "otherInvestingActivities":-117000000,
        "netCashProvidedByInvestingActivities":-330000000,
        "netDebtIssuance":-219000000,
        "longTermNetDebtIssuance":-231000000,
        "shortTermNetDebtIssuance":12000000,
        "netStockIssuance":-13458000000,
        "netCommonStockIssuance":-13458000000,
        "commonStockIssuance":0,
        "commonStockRepurchased":-13458000000,
        "netPreferredStockIssuance":0,
        "netDividendsPaid":0,
        "commonDividendsPaid":0,
        "preferredDividendsPaid":0,
        "otherFinancingActivities":-1576000000,
        "netCashProvidedByFinancingActivities":-15253000000,
        "effectOfForexChangesOnCash":-215000000,
        "netChangeInCash":-1707000000,
        "cashAtEndOfPeriod":14804000000,
        "cashAtBeginningOfPeriod":16511000000,
        "operatingCashFlow":14091000000,
        "capitalExpenditure":-4313000000,
        "freeCashFlow":9778000000,
        "incomeTaxesPaid":1625000000,
        "interestPaid":0,
        "symbol_2":"META",
        "stockPrice":339.39,
        "numberOfShares":2855280000,
        "marketCapitalization":969053479200,
        "minusCashAndCashEquivalents":14496000000,
        "addTotalDebt":12640000000,
        "enterpriseValue":967197479200,
        "revenue_qoq":-0.2304226708,
        "revenue_yoy":null,
        "netIncome_qoq":-11.5451221859,
        "netIncome_yoy":null,
        "operatingCashFlow_qoq":6.3792843122,
        "operatingCashFlow_yoy":null,
        "eps_qoq":-10.8991825613,
        "eps_yoy":null
    },
    {
        "date":"2021-06-30",
        "symbol":"META",
        "reportedCurrency":"USD",
        "cik":"0001326801",
        "filingDate":"2021-07-29",
        "acceptedDate":"2021-07-28 20:13:08",
        "fiscalYear":"2021",
        "period":"Q2",
        "revenue":29077000000,
        "costOfRevenue":5399000000,
        "grossProfit":23678000000,
        "researchAndDevelopmentExpenses":6096000000,
        "generalAndAdministrativeExpenses":1956000000,
        "sellingAndMarketingExpenses":3259000000,
        "sellingGeneralAndAdministrativeExpenses":5215000000,
        "otherExpenses":0,
        "operatingExpenses":11311000000,
        "costAndExpenses":16710000000,
        "netInterestIncome":121000000,
        "interestIncome":121000000,
        "interestExpense":0,
        "depreciationAndAmortization":1986000000,
        "ebitda":14353000000,
        "ebit":12367000000,
        "nonOperatingIncomeExcludingInterest":0,
        "operatingIncome":12367000000,
        "totalOtherIncomeExpensesNet":146000000,
        "incomeBeforeTax":12513000000,
        "incomeTaxExpense":2119000000,
        "netIncomeFromContinuingOperations":10394000000,
        "netIncomeFromDiscontinuedOperations":0,
        "otherAdjustmentsToNetIncome":0,
        "netIncome":10394000000,
        "netIncomeDeductions":0,
        "bottomLineNetIncome":10394000000,
        "eps":3.67,
        "epsDiluted":3.61,
        "weightedAverageShsOut":2877000000,
        "weightedAverageShsOutDil":2879224000,
        "symbol_1":"META",
        "reportedCurrency_1":"USD",
        "cik_1":"0001326801",
        "filingDate_1":"2021-07-29",
        "acceptedDate_1":"2021-07-28 20:13:08",
        "fiscalYear_1":"2021",
        "period_1":"Q2",
        "netIncome_1":10394000000,
        "depreciationAndAmortization_1":1985000000,
        "deferredIncomeTax":229000000,
        "stockBasedCompensation":2548000000,
        "changeInWorkingCapital":-1889000000,
        "accountsReceivables":-1366000000,
        "inventory":-642000000,
        "accountsPayables":116000000,
        "otherWorkingCapital":0,
        "otherNonCashItems":-21000000,
        "netCashProvidedByOperatingActivities":13246000000,
        "investmentsInPropertyPlantAndEquipment":-4612000000,
        "acquisitionsNet":-259000000,
        "purchasesOfInvestments":-10297000000,
        "salesMaturitiesOfInvestments":7034000000,
        "otherInvestingActivities":-61000000,
        "netCashProvidedByInvestingActivities":-8195000000,
        "netDebtIssuance":-70000000,
        "longTermNetDebtIssuance":-123000000,
        "shortTermNetDebtIssuance":53000000,
        "netStockIssuance":-7079000000,
        "netCommonStockIssuance":-7079000000,
        "commonStockIssuance":0,
        "commonStockRepurchased":-7079000000,
        "netPreferredStockIssuance":0,
        "netDividendsPaid":0,
        "commonDividendsPaid":0,
        "preferredDividendsPaid":0,
        "otherFinancingActivities":-1399000000,
        "netCashProvidedByFinancingActivities":-8548000000,
        "effectOfForexChangesOnCash":117000000,
        "netChangeInCash":-3380000000,
        "cashAtEndOfPeriod":16511000000,
        "cashAtBeginningOfPeriod":19891000000,
        "operatingCashFlow":13246000000,
        "capitalExpenditure":-4612000000,
        "freeCashFlow":8634000000,
        "incomeTaxesPaid":3387000000,
        "interestPaid":0,
        "symbol_2":"META",
        "stockPrice":347.71,
        "numberOfShares":2877000000,
        "marketCapitalization":1000361670000,
        "minusCashAndCashEquivalents":16186000000,
        "addTotalDebt":12007000000,
        "enterpriseValue":996182670000,
        "revenue_qoq":11.1038936227,
        "revenue_yoy":null,
        "netIncome_qoq":9.4450879225,
        "netIncome_yoy":null,
        "operatingCashFlow_qoq":8.2012743016,
        "operatingCashFlow_yoy":null,
        "eps_qoq":9.880239521,
        "eps_yoy":null
    },
    {
        "date":"2021-03-31",
        "symbol":"META",
        "reportedCurrency":"USD",
        "cik":"0001326801",
        "filingDate":"2021-04-29",
        "acceptedDate":"2021-04-28 20:12:05",
        "fiscalYear":"2021",
        "period":"Q1",
        "revenue":26171000000,
        "costOfRevenue":5131000000,
        "grossProfit":21040000000,
        "researchAndDevelopmentExpenses":5197000000,
        "generalAndAdministrativeExpenses":1622000000,
        "sellingAndMarketingExpenses":2843000000,
        "sellingGeneralAndAdministrativeExpenses":4465000000,
        "otherExpenses":0,
        "operatingExpenses":9662000000,
        "costAndExpenses":14793000000,
        "netInterestIncome":118000000,
        "interestIncome":118000000,
        "interestExpense":0,
        "depreciationAndAmortization":1972000000,
        "ebitda":13350000000,
        "ebit":11378000000,
        "nonOperatingIncomeExcludingInterest":0,
        "operatingIncome":11378000000,
        "totalOtherIncomeExpensesNet":125000000,
        "incomeBeforeTax":11503000000,
        "incomeTaxExpense":2006000000,
        "netIncomeFromContinuingOperations":9497000000,
        "netIncomeFromDiscontinuedOperations":0,
        "otherAdjustmentsToNetIncome":0,
        "netIncome":9497000000,
        "netIncomeDeductions":0,
        "bottomLineNetIncome":9497000000,
        "eps":3.34,
        "epsDiluted":3.3,
        "weightedAverageShsOut":2877879000,
        "weightedAverageShsOutDil":2882000000,
        "symbol_1":"META",
        "reportedCurrency_1":"USD",
        "cik_1":"0001326801",
        "filingDate_1":"2021-04-29",
        "acceptedDate_1":"2021-04-28 20:12:05",
        "fiscalYear_1":"2021",
        "period_1":"Q1",
        "netIncome_1":9497000000,
        "depreciationAndAmortization_1":1972000000,
        "deferredIncomeTax":418000000,
        "stockBasedCompensation":1830000000,
        "changeInWorkingCapital":-1409000000,
        "accountsReceivables":849000000,
        "inventory":0,
        "accountsPayables":-250000000,
        "otherWorkingCapital":-2008000000,
        "otherNonCashItems":-66000000,
        "netCashProvidedByOperatingActivities":12242000000,
        "investmentsInPropertyPlantAndEquipment":-4272000000,
        "acquisitionsNet":0,
        "purchasesOfInvestments":-6231000000,
        "salesMaturitiesOfInvestments":5631000000,
        "otherInvestingActivities":-2000000,
        "netCashProvidedByInvestingActivities":-4874000000,
        "netDebtIssuance":-201000000,
        "longTermNetDebtIssuance":-151000000,
        "shortTermNetDebtIssuance":-50000000,
        "netStockIssuance":-3939000000,
        "netCommonStockIssuance":-3939000000,
        "commonStockIssuance":0,
        "commonStockRepurchased":-3939000000,
        "netPreferredStockIssuance":0,
        "netDividendsPaid":0,
        "commonDividendsPaid":0,
        "preferredDividendsPaid":0,
        "otherFinancingActivities":-1045000000,
        "netCashProvidedByFinancingActivities":-5185000000,
        "effectOfForexChangesOnCash":-246000000,
        "netChangeInCash":1937000000,
        "cashAtEndOfPeriod":19891000000,
        "cashAtBeginningOfPeriod":17954000000,
        "operatingCashFlow":12242000000,
        "capitalExpenditure":-4272000000,
        "freeCashFlow":7970000000,
        "incomeTaxesPaid":2907000000,
        "interestPaid":0,
        "symbol_2":"META",
        "stockPrice":294.53,
        "numberOfShares":2877879000,
        "marketCapitalization":847621701869,
        "minusCashAndCashEquivalents":19513000000,
        "addTotalDebt":11614000000,
        "enterpriseValue":839722701869,
        "revenue_qoq":-6.7718723283,
        "revenue_yoy":null,
        "netIncome_qoq":-15.348961583,
        "netIncome_yoy":null,
        "operatingCashFlow_qoq":-12.8062678063,
        "operatingCashFlow_yoy":null,
        "eps_qoq":-15.2284263959,
        "eps_yoy":null
    },
    {
        "date":"2020-12-31",
        "symbol":"META",
        "reportedCurrency":"USD",
        "cik":"0001326801",
        "filingDate":"2021-01-28",
        "acceptedDate":"2021-01-27 21:13:48",
        "fiscalYear":"2020",
        "period":"Q4",
        "revenue":28072000000,
        "costOfRevenue":5210000000,
        "grossProfit":22862000000,
        "researchAndDevelopmentExpenses":5208000000,
        "generalAndAdministrativeExpenses":1599000000,
        "sellingAndMarketingExpenses":3280000000,
        "sellingGeneralAndAdministrativeExpenses":4879000000,
        "otherExpenses":0,
        "operatingExpenses":10087000000,
        "costAndExpenses":15297000000,
        "netInterestIncome":136000000,
        "interestIncome":136000000,
        "interestExpense":0,
        "depreciationAndAmortization":1863000000,
        "ebitda":14638000000,
        "ebit":12775000000,
        "nonOperatingIncomeExcludingInterest":0,
        "operatingIncome":12775000000,
        "totalOtherIncomeExpensesNet":280000000,
        "incomeBeforeTax":13055000000,
        "incomeTaxExpense":1836000000,
        "netIncomeFromContinuingOperations":11219000000,
        "netIncomeFromDiscontinuedOperations":0,
        "otherAdjustmentsToNetIncome":0,
        "netIncome":11219000000,
        "netIncomeDeductions":0,
        "bottomLineNetIncome":11219000000,
        "eps":3.94,
        "epsDiluted":3.88,
        "weightedAverageShsOut":2890000000,
        "weightedAverageShsOutDil":2892924000,
        "symbol_1":"META",
        "reportedCurrency_1":"USD",
        "cik_1":"0001326801",
        "filingDate_1":"2021-01-28",
        "acceptedDate_1":"2021-01-27 21:13:48",
        "fiscalYear_1":"2020",
        "period_1":"Q4",
        "netIncome_1":11219000000,
        "depreciationAndAmortization_1":1863000000,
        "deferredIncomeTax":-377000000,
        "stockBasedCompensation":1784000000,
        "changeInWorkingCapital":-511000000,
        "accountsReceivables":-3059000000,
        "inventory":0,
        "accountsPayables":-56000000,
        "otherWorkingCapital":2604000000,
        "otherNonCashItems":62000000,
        "netCashProvidedByOperatingActivities":14040000000,
        "investmentsInPropertyPlantAndEquipment":-4613000000,
        "acquisitionsNet":-64000000,
        "purchasesOfInvestments":-5737000000,
        "salesMaturitiesOfInvestments":5268000000,
        "otherInvestingActivities":-27000000,
        "netCashProvidedByInvestingActivities":-5173000000,
        "netDebtIssuance":-158000000,
        "longTermNetDebtIssuance":-206000000,
        "shortTermNetDebtIssuance":48000000,
        "netStockIssuance":-1929000000,
        "netCommonStockIssuance":-1929000000,
        "commonStockIssuance":0,
        "commonStockRepurchased":-1929000000,
        "netPreferredStockIssuance":0,
        "netDividendsPaid":0,
        "commonDividendsPaid":0,
        "preferredDividendsPaid":0,
        "otherFinancingActivities":-1119000000,
        "netCashProvidedByFinancingActivities":-3206000000,
        "effectOfForexChangesOnCash":314000000,
        "netChangeInCash":5975000000,
        "cashAtEndOfPeriod":17954000000,
        "cashAtBeginningOfPeriod":11979000000,
        "operatingCashFlow":14040000000,
        "capitalExpenditure":-4613000000,
        "freeCashFlow":9427000000,
        "incomeTaxesPaid":1107000000,
        "interestPaid":0,
        "symbol_2":"META",
        "stockPrice":273.16,
        "numberOfShares":2890000000,
        "marketCapitalization":789432400000,
        "minusCashAndCashEquivalents":17576000000,
        "addTotalDebt":10654000000,
        "enterpriseValue":782510400000,
        "revenue_qoq":null,
        "revenue_yoy":null,
        "netIncome_qoq":null,
        "netIncome_yoy":null,
        "operatingCashFlow_qoq":null,
        "operatingCashFlow_yoy":null,
        "eps_qoq":null,
        "eps_yoy":null
    }
]