[
    {
        "date":"2025-06-30",
        "symbol":"NOK",
        "reportedCurrency":"EUR",
        "cik":"0000924613",
        "filingDate":"2025-07-24",
        "acceptedDate":"2025-07-24 06:02:31",
        "fiscalYear":"2025",
        "period":"Q2",
        "revenue":4546000000,
        "costOfRevenue":2575000000,
        "grossProfit":1971000000,
        "researchAndDevelopmentExpenses":1161000000,
        "generalAndAdministrativeExpenses":0,
        "sellingAndMarketingExpenses":0,
        "sellingGeneralAndAdministrativeExpenses":744000000,
        "otherExpenses":-15000000,
        "operatingExpenses":1890000000,
        "costAndExpenses":4465000000,
        "netInterestIncome":34000000,
        "interestIncome":34000000,
        "interestExpense":0,
        "depreciationAndAmortization":285000000,
        "ebitda":365000000,
        "ebit":80000000,
        "nonOperatingIncomeExcludingInterest":1000000,
        "operatingIncome":81000000,
        "totalOtherIncomeExpensesNet":42000000,
        "incomeBeforeTax":123000000,
        "incomeTaxExpense":40000000,
        "netIncomeFromContinuingOperations":83000000,
        "netIncomeFromDiscontinuedOperations":13000000,
        "otherAdjustmentsToNetIncome":0,
        "netIncome":90000000,
        "netIncomeDeductions":0,
        "bottomLineNetIncome":77000000,
        "eps":0.0143,
        "epsDiluted":0.02,
        "weightedAverageShsOut":5378143000,
        "weightedAverageShsOutDil":5491808000,
        "revenue_qoq":3.5535307517,
        "revenue_yoy":-23.1886833996,
        "netIncome_qoq":-252.5423728814,
        "netIncome_yoy":-71.4845983088,
        "eps_qoq":-230.0,
        "eps_yoy":-72.6053639847
    },
    {
        "date":"2025-03-31",
        "symbol":"NOK",
        "reportedCurrency":"EUR",
        "cik":"0000924613",
        "filingDate":"2025-04-24",
        "acceptedDate":"2025-04-24 06:04:48",
        "fiscalYear":"2025",
        "period":"Q1",
        "revenue":4390000000,
        "costOfRevenue":2534000000,
        "grossProfit":1856000000,
        "researchAndDevelopmentExpenses":1145000000,
        "generalAndAdministrativeExpenses":0,
        "sellingAndMarketingExpenses":0,
        "sellingGeneralAndAdministrativeExpenses":0,
        "otherExpenses":759000000,
        "operatingExpenses":1904000000,
        "costAndExpenses":4438000000,
        "netInterestIncome":11000000,
        "interestIncome":11000000,
        "interestExpense":0,
        "depreciationAndAmortization":264000000,
        "ebitda":323000000,
        "ebit":59000000,
        "nonOperatingIncomeExcludingInterest":-107000000,
        "operatingIncome":-48000000,
        "totalOtherIncomeExpensesNet":12000000,
        "incomeBeforeTax":-36000000,
        "incomeTaxExpense":23000000,
        "netIncomeFromContinuingOperations":-59000000,
        "netIncomeFromDiscontinuedOperations":0,
        "otherAdjustmentsToNetIncome":0,
        "netIncome":-59000000,
        "netIncomeDeductions":0,
        "bottomLineNetIncome":-59000000,
        "eps":-0.011,
        "epsDiluted":-0.011,
        "weightedAverageShsOut":5379665000,
        "weightedAverageShsOutDil":5379665000,
        "revenue_qoq":-1.7017465293,
        "revenue_yoy":-21.2556053812,
        "netIncome_qoq":-59.5890410959,
        "netIncome_yoy":-121.146953405,
        "eps_qoq":-116.5662650602,
        "eps_yoy":-122.0
    },
    {
        "date":"2024-06-30",
        "symbol":"NOK",
        "reportedCurrency":"EUR",
        "cik":"0000924613",
        "filingDate":"2024-08-01",
        "acceptedDate":"2024-08-01 16:01:58",
        "fiscalYear":"2024",
        "period":"Q2",
        "revenue":4466000000,
        "costOfRevenue":2468000000,
        "grossProfit":1998000000,
        "researchAndDevelopmentExpenses":1134000000,
        "generalAndAdministrativeExpenses":0,
        "sellingAndMarketingExpenses":0,
        "sellingGeneralAndAdministrativeExpenses":0,
        "otherExpenses":432000000,
        "operatingExpenses":1566000000,
        "costAndExpenses":4034000000,
        "netInterestIncome":27000000,
        "interestIncome":27000000,
        "interestExpense":0,
        "depreciationAndAmortization":268000000,
        "ebitda":607000000,
        "ebit":339000000,
        "nonOperatingIncomeExcludingInterest":93000000,
        "operatingIncome":432000000,
        "totalOtherIncomeExpensesNet":29000000,
        "incomeBeforeTax":461000000,
        "incomeTaxExpense":92000000,
        "netIncomeFromContinuingOperations":369000000,
        "netIncomeFromDiscontinuedOperations":-512000000,
        "otherAdjustmentsToNetIncome":0,
        "netIncome":-146000000,
        "netIncomeDeductions":0,
        "bottomLineNetIncome":366000000,
        "eps":0.0664,
        "epsDiluted":0.0664,
        "weightedAverageShsOut":5509849000,
        "weightedAverageShsOutDil":5509849000,
        "revenue_qoq":-7.4078270715,
        "revenue_yoy":-23.9570917759,
        "netIncome_qoq":-130.9950780219,
        "netIncome_yoy":-131.9474835886,
        "eps_qoq":-15.4140127389,
        "eps_yoy":-18.2266009852
    },
    {
        "date":"2024-03-31",
        "symbol":"NOK",
        "reportedCurrency":"EUR",
        "cik":"0000924613",
        "filingDate":"2024-03-31",
        "acceptedDate":"2024-03-30 20:00:00",
        "fiscalYear":"2024",
        "period":"Q1",
        "revenue":4823301861,
        "costOfRevenue":2474601315,
        "grossProfit":2348700546,
        "researchAndDevelopmentExpenses":1176520976,
        "generalAndAdministrativeExpenses":0,
        "sellingAndMarketingExpenses":0,
        "sellingGeneralAndAdministrativeExpenses":634930600,
        "otherExpenses":0,
        "operatingExpenses":1811451576,
        "costAndExpenses":4286052891,
        "netInterestIncome":48000000,
        "interestIncome":48000000,
        "interestExpense":0,
        "depreciationAndAmortization":283276729,
        "ebitda":784709100,
        "ebit":501432371,
        "nonOperatingIncomeExcludingInterest":35816598,
        "operatingIncome":537248969,
        "totalOtherIncomeExpensesNet":-34731247,
        "incomeBeforeTax":502517722,
        "incomeTaxExpense":13024217,
        "netIncomeFromContinuingOperations":489493505,
        "netIncomeFromDiscontinuedOperations":-14109568,
        "otherAdjustmentsToNetIncome":-1,
        "netIncome":471042531,
        "netIncomeDeductions":0,
        "bottomLineNetIncome":471042531,
        "eps":0.0785,
        "epsDiluted":0.078,
        "weightedAverageShsOut":5525756000,
        "weightedAverageShsOutDil":5564089000,
        "revenue_qoq":-18.5032630214,
        "revenue_yoy":-9.811109555,
        "netIncome_qoq":49.2440776125,
        "netIncome_yoy":122.1898731132,
        "eps_qoq":50.3831417625,
        "eps_yoy":108.7765957447
    },
    {
        "date":"2023-06-30",
        "symbol":"NOK",
        "reportedCurrency":"EUR",
        "cik":"0000924613",
        "filingDate":"2023-06-30",
        "acceptedDate":"2023-06-30 00:00:00",
        "fiscalYear":"2023",
        "period":"Q2",
        "revenue":5918398748,
        "costOfRevenue":3633970838,
        "grossProfit":2284427909,
        "researchAndDevelopmentExpenses":1105754528,
        "generalAndAdministrativeExpenses":0,
        "sellingAndMarketingExpenses":0,
        "sellingGeneralAndAdministrativeExpenses":659534689,
        "otherExpenses":0,
        "operatingExpenses":1765289218,
        "costAndExpenses":5399260057,
        "netInterestIncome":-54000000,
        "interestIncome":0,
        "interestExpense":54000000,
        "depreciationAndAmortization":296028771,
        "ebitda":794488984,
        "ebit":498460213,
        "nonOperatingIncomeExcludingInterest":20678478,
        "operatingIncome":519138691,
        "totalOtherIncomeExpensesNet":-81625580,
        "incomeBeforeTax":437513111,
        "incomeTaxExpense":125159223,
        "netIncomeFromContinuingOperations":312353888,
        "netIncomeFromDiscontinuedOperations":2176682,
        "otherAdjustmentsToNetIncome":-1,
        "netIncome":315618910,
        "netIncomeDeductions":0,
        "bottomLineNetIncome":315618910,
        "eps":0.0522,
        "epsDiluted":0.0516,
        "weightedAverageShsOut":5558878000,
        "weightedAverageShsOutDil":5616185000,
        "revenue_qoq":6.1596187982,
        "revenue_yoy":11.3946686994,
        "netIncome_qoq":13.1250573477,
        "netIncome_yoy":-8.2503168605,
        "eps_qoq":4.4,
        "eps_yoy":-14.5662847791
    },
    {
        "date":"2023-03-31",
        "symbol":"NOK",
        "reportedCurrency":"EUR",
        "cik":"0000924613",
        "filingDate":"2023-03-31",
        "acceptedDate":"2023-03-31 00:00:00",
        "fiscalYear":"2023",
        "period":"Q1",
        "revenue":5575000000,
        "costOfRevenue":3403000000,
        "grossProfit":2172000000,
        "researchAndDevelopmentExpenses":1096000000,
        "generalAndAdministrativeExpenses":0,
        "sellingAndMarketingExpenses":0,
        "sellingGeneralAndAdministrativeExpenses":0,
        "otherExpenses":655000000,
        "operatingExpenses":1751000000,
        "costAndExpenses":5154000000,
        "netInterestIncome":-19000000,
        "interestIncome":0,
        "interestExpense":19000000,
        "depreciationAndAmortization":266000000,
        "ebitda":652000000,
        "ebit":386000000,
        "nonOperatingIncomeExcludingInterest":35000000,
        "operatingIncome":421000000,
        "totalOtherIncomeExpensesNet":-29000000,
        "incomeBeforeTax":392000000,
        "incomeTaxExpense":109000000,
        "netIncomeFromContinuingOperations":283000000,
        "netIncomeFromDiscontinuedOperations":6000000,
        "otherAdjustmentsToNetIncome":0,
        "netIncome":279000000,
        "netIncomeDeductions":0,
        "bottomLineNetIncome":273000000,
        "eps":0.05,
        "epsDiluted":0.0494,
        "weightedAverageShsOut":5578005000,
        "weightedAverageShsOutDil":5648995000,
        "revenue_qoq":-5.0740677678,
        "revenue_yoy":9.8305752561,
        "netIncome_qoq":-38.9496717724,
        "netIncome_yoy":6.8965517241,
        "eps_qoq":-38.4236453202,
        "eps_yoy":7.7586206897
    },
    {
        "date":"2022-06-30",
        "symbol":"NOK",
        "reportedCurrency":"EUR",
        "cik":"0000924613",
        "filingDate":"2022-06-30",
        "acceptedDate":"2022-06-29 20:00:00",
        "fiscalYear":"2022",
        "period":"Q2",
        "revenue":5873000000,
        "costOfRevenue":3512000000,
        "grossProfit":2361000000,
        "researchAndDevelopmentExpenses":1091000000,
        "generalAndAdministrativeExpenses":0,
        "sellingAndMarketingExpenses":0,
        "sellingGeneralAndAdministrativeExpenses":728000000,
        "otherExpenses":-22000000,
        "operatingExpenses":1797000000,
        "costAndExpenses":5309000000,
        "netInterestIncome":-18000000,
        "interestIncome":0,
        "interestExpense":18000000,
        "depreciationAndAmortization":282000000,
        "ebitda":846000000,
        "ebit":564000000,
        "nonOperatingIncomeExcludingInterest":0,
        "operatingIncome":564000000,
        "totalOtherIncomeExpensesNet":-23000000,
        "incomeBeforeTax":541000000,
        "incomeTaxExpense":74000000,
        "netIncomeFromContinuingOperations":467000000,
        "netIncomeFromDiscontinuedOperations":-7000000,
        "otherAdjustmentsToNetIncome":0,
        "netIncome":457000000,
        "netIncomeDeductions":0,
        "bottomLineNetIncome":457000000,
        "eps":0.0812,
        "epsDiluted":0.0805,
        "weightedAverageShsOut":5625142000,
        "weightedAverageShsOutDil":5677742000,
        "revenue_qoq":9.8167539267,
        "revenue_yoy":null,
        "netIncome_qoq":115.5660377358,
        "netIncome_yoy":null,
        "eps_qoq":115.9574468085,
        "eps_yoy":null
    },
    {
        "date":"2022-03-31",
        "symbol":"NOK",
        "reportedCurrency":"EUR",
        "cik":"0000924613",
        "filingDate":"2022-03-31",
        "acceptedDate":"2022-03-30 20:00:00",
        "fiscalYear":"2022",
        "period":"Q1",
        "revenue":5348000000,
        "costOfRevenue":3179000000,
        "grossProfit":2169000000,
        "researchAndDevelopmentExpenses":1072000000,
        "generalAndAdministrativeExpenses":0,
        "sellingAndMarketingExpenses":675000000,
        "sellingGeneralAndAdministrativeExpenses":675000000,
        "otherExpenses":68000000,
        "operatingExpenses":1815000000,
        "costAndExpenses":4994000000,
        "netInterestIncome":-72000000,
        "interestIncome":0,
        "interestExpense":72000000,
        "depreciationAndAmortization":278000000,
        "ebitda":632000000,
        "ebit":354000000,
        "nonOperatingIncomeExcludingInterest":0,
        "operatingIncome":354000000,
        "totalOtherIncomeExpensesNet":-98000000,
        "incomeBeforeTax":256000000,
        "incomeTaxExpense":79000000,
        "netIncomeFromContinuingOperations":177000000,
        "netIncomeFromDiscontinuedOperations":42000000,
        "otherAdjustmentsToNetIncome":0,
        "netIncome":212000000,
        "netIncomeDeductions":0,
        "bottomLineNetIncome":212000000,
        "eps":0.0376,
        "epsDiluted":0.0372,
        "weightedAverageShsOut":5634737000,
        "weightedAverageShsOutDil":5705948000,
        "revenue_qoq":0.6587615283,
        "revenue_yoy":null,
        "netIncome_qoq":-38.3720930233,
        "netIncome_yoy":null,
        "eps_qoq":-38.4615384615,
        "eps_yoy":null
    },
    {
        "date":"2021-06-30",
        "symbol":"NOK",
        "reportedCurrency":"EUR",
        "cik":"0000924613",
        "filingDate":"2021-06-30",
        "acceptedDate":"2021-06-29 20:00:00",
        "fiscalYear":"2021",
        "period":"Q2",
        "revenue":5313000000,
        "costOfRevenue":3133000000,
        "grossProfit":2180000000,
        "researchAndDevelopmentExpenses":1063000000,
        "generalAndAdministrativeExpenses":0,
        "sellingAndMarketingExpenses":0,
        "sellingGeneralAndAdministrativeExpenses":712000000,
        "otherExpenses":-80000000,
        "operatingExpenses":1695000000,
        "costAndExpenses":4828000000,
        "netInterestIncome":-68000000,
        "interestIncome":0,
        "interestExpense":68000000,
        "depreciationAndAmortization":273000000,
        "ebitda":757000000,
        "ebit":484000000,
        "nonOperatingIncomeExcludingInterest":0,
        "operatingIncome":484000000,
        "totalOtherIncomeExpensesNet":-68000000,
        "incomeBeforeTax":416000000,
        "incomeTaxExpense":66000000,
        "netIncomeFromContinuingOperations":350000000,
        "netIncomeFromDiscontinuedOperations":1000000,
        "otherAdjustmentsToNetIncome":0,
        "netIncome":344000000,
        "netIncomeDeductions":0,
        "bottomLineNetIncome":344000000,
        "eps":0.0611,
        "epsDiluted":0.0607,
        "weightedAverageShsOut":5629374000,
        "weightedAverageShsOutDil":5665966000,
        "revenue_qoq":4.6690307329,
        "revenue_yoy":null,
        "netIncome_qoq":31.8007662835,
        "netIncome_yoy":null,
        "eps_qoq":31.6810344828,
        "eps_yoy":null
    },
    {
        "date":"2021-03-31",
        "symbol":"NOK",
        "reportedCurrency":"EUR",
        "cik":"0000924613",
        "filingDate":"2021-03-31",
        "acceptedDate":"2021-03-30 20:00:00",
        "fiscalYear":"2021",
        "period":"Q1",
        "revenue":5076000000,
        "costOfRevenue":3151000000,
        "grossProfit":1925000000,
        "researchAndDevelopmentExpenses":996000000,
        "generalAndAdministrativeExpenses":0,
        "sellingAndMarketingExpenses":649000000,
        "sellingGeneralAndAdministrativeExpenses":649000000,
        "otherExpenses":-151000000,
        "operatingExpenses":1494000000,
        "costAndExpenses":4645000000,
        "netInterestIncome":-56000000,
        "interestIncome":0,
        "interestExpense":56000000,
        "depreciationAndAmortization":271000000,
        "ebitda":702000000,
        "ebit":431000000,
        "nonOperatingIncomeExcludingInterest":0,
        "operatingIncome":431000000,
        "totalOtherIncomeExpensesNet":-60000000,
        "incomeBeforeTax":371000000,
        "incomeTaxExpense":99000000,
        "netIncomeFromContinuingOperations":272000000,
        "netIncomeFromDiscontinuedOperations":-9000000,
        "otherAdjustmentsToNetIncome":1000000,
        "netIncome":261000000,
        "netIncomeDeductions":0,
        "bottomLineNetIncome":261000000,
        "eps":0.0464,
        "epsDiluted":0.0462,
        "weightedAverageShsOut":5624071000,
        "weightedAverageShsOutDil":5649354000,
        "revenue_qoq":null,
        "revenue_yoy":null,
        "netIncome_qoq":null,
        "netIncome_yoy":null,
        "eps_qoq":null,
        "eps_yoy":null
    }
]