[
    {
        "date":"2025-09-30",
        "symbol":"PYPL",
        "reportedCurrency":"USD",
        "cik":"0001633917",
        "filingDate":"2025-10-28",
        "acceptedDate":"2025-10-28 17:10:10",
        "fiscalYear":"2025",
        "period":"Q3",
        "revenue":8417000000,
        "costOfRevenue":4546000000,
        "grossProfit":3871000000,
        "researchAndDevelopmentExpenses":801000000,
        "generalAndAdministrativeExpenses":513000000,
        "sellingAndMarketingExpenses":521000000,
        "sellingGeneralAndAdministrativeExpenses":1034000000,
        "otherExpenses":516000000,
        "operatingExpenses":2351000000,
        "costAndExpenses":6897000000,
        "netInterestIncome":63000000,
        "interestIncome":280000000,
        "interestExpense":217000000,
        "depreciationAndAmortization":245000000,
        "ebitda":1834000000,
        "ebit":1589000000,
        "nonOperatingIncomeExcludingInterest":-69000000,
        "operatingIncome":1520000000,
        "totalOtherIncomeExpensesNet":13000000,
        "incomeBeforeTax":1533000000,
        "incomeTaxExpense":285000000,
        "netIncomeFromContinuingOperations":1248000000,
        "netIncomeFromDiscontinuedOperations":0,
        "otherAdjustmentsToNetIncome":0,
        "netIncome":1248000000,
        "netIncomeDeductions":0,
        "bottomLineNetIncome":1248000000,
        "eps":1.31,
        "epsDiluted":1.3,
        "weightedAverageShsOut":968000000,
        "weightedAverageShsOutDil":978000000,
        "symbol_1":"PYPL",
        "reportedCurrency_1":"USD",
        "cik_1":"0001633917",
        "filingDate_1":"2025-10-28",
        "acceptedDate_1":"2025-10-28 17:10:10",
        "fiscalYear_1":"2025",
        "period_1":"Q3",
        "netIncome_1":1248000000,
        "depreciationAndAmortization_1":225000000,
        "deferredIncomeTax":182000000,
        "stockBasedCompensation":257000000,
        "changeInWorkingCapital":101000000,
        "accountsReceivables":126000000,
        "inventory":0,
        "accountsPayables":44000000,
        "otherWorkingCapital":-69000000,
        "otherNonCashItems":-39000000,
        "netCashProvidedByOperatingActivities":1974000000,
        "investmentsInPropertyPlantAndEquipment":-256000000,
        "acquisitionsNet":0,
        "purchasesOfInvestments":-4387000000,
        "salesMaturitiesOfInvestments":12167000000,
        "otherInvestingActivities":-2752000000,
        "netCashProvidedByInvestingActivities":4772000000,
        "netDebtIssuance":2544000000,
        "longTermNetDebtIssuance":2544000000,
        "shortTermNetDebtIssuance":0,
        "netStockIssuance":-1500000000,
        "netCommonStockIssuance":-1500000000,
        "commonStockIssuance":0,
        "commonStockRepurchased":-1500000000,
        "netPreferredStockIssuance":0,
        "netDividendsPaid":0,
        "commonDividendsPaid":0,
        "preferredDividendsPaid":0,
        "otherFinancingActivities":-2873000000,
        "netCashProvidedByFinancingActivities":-1829000000,
        "effectOfForexChangesOnCash":-44000000,
        "netChangeInCash":4873000000,
        "cashAtEndOfPeriod":23853000000,
        "cashAtBeginningOfPeriod":18980000000,
        "operatingCashFlow":1974000000,
        "capitalExpenditure":-256000000,
        "freeCashFlow":1718000000,
        "incomeTaxesPaid":196000000,
        "interestPaid":19000000,
        "symbol_2":"PYPL",
        "stockPrice":67.06,
        "numberOfShares":968000000,
        "marketCapitalization":64914080000,
        "minusCashAndCashEquivalents":8995000000,
        "addTotalDebt":11276000000,
        "enterpriseValue":67195080000,
        "revenue_qoq":1.5564671815,
        "revenue_yoy":7.2639225182,
        "netIncome_qoq":-1.0309278351,
        "netIncome_yoy":23.5643564356,
        "operatingCashFlow_qoq":119.8218262806,
        "operatingCashFlow_yoy":22.3048327138,
        "eps_qoq":0.7692307692,
        "eps_yoy":31.0
    },
    {
        "date":"2025-06-30",
        "symbol":"PYPL",
        "reportedCurrency":"USD",
        "cik":"0001633917",
        "filingDate":"2025-07-29",
        "acceptedDate":"2025-07-29 17:06:28",
        "fiscalYear":"2025",
        "period":"Q2",
        "revenue":8288000000,
        "costOfRevenue":4444000000,
        "grossProfit":3844000000,
        "researchAndDevelopmentExpenses":767000000,
        "generalAndAdministrativeExpenses":461000000,
        "sellingAndMarketingExpenses":583000000,
        "sellingGeneralAndAdministrativeExpenses":1044000000,
        "otherExpenses":529000000,
        "operatingExpenses":2340000000,
        "costAndExpenses":6784000000,
        "netInterestIncome":21000000,
        "interestIncome":135000000,
        "interestExpense":114000000,
        "depreciationAndAmortization":239000000,
        "ebitda":1882000000,
        "ebit":1643000000,
        "nonOperatingIncomeExcludingInterest":-139000000,
        "operatingIncome":1504000000,
        "totalOtherIncomeExpensesNet":25000000,
        "incomeBeforeTax":1529000000,
        "incomeTaxExpense":268000000,
        "netIncomeFromContinuingOperations":1261000000,
        "netIncomeFromDiscontinuedOperations":0,
        "otherAdjustmentsToNetIncome":0,
        "netIncome":1261000000,
        "netIncomeDeductions":0,
        "bottomLineNetIncome":1261000000,
        "eps":1.3,
        "epsDiluted":1.29,
        "weightedAverageShsOut":969000000,
        "weightedAverageShsOutDil":977000000,
        "symbol_1":"PYPL",
        "reportedCurrency_1":"USD",
        "cik_1":"0001633917",
        "filingDate_1":"2025-07-29",
        "acceptedDate_1":"2025-07-29 17:06:28",
        "fiscalYear_1":"2025",
        "period_1":"Q2",
        "netIncome_1":1261000000,
        "depreciationAndAmortization_1":239000000,
        "deferredIncomeTax":-83000000,
        "stockBasedCompensation":286000000,
        "changeInWorkingCapital":-984000000,
        "accountsReceivables":-17000000,
        "inventory":0,
        "accountsPayables":2000000,
        "otherWorkingCapital":-969000000,
        "otherNonCashItems":179000000,
        "netCashProvidedByOperatingActivities":898000000,
        "investmentsInPropertyPlantAndEquipment":-206000000,
        "acquisitionsNet":0,
        "purchasesOfInvestments":-5595000000,
        "salesMaturitiesOfInvestments":6331000000,
        "otherInvestingActivities":-550000000,
        "netCashProvidedByInvestingActivities":-20000000,
        "netDebtIssuance":-1207000000,
        "longTermNetDebtIssuance":-1207000000,
        "shortTermNetDebtIssuance":0,
        "netStockIssuance":-1477000000,
        "netCommonStockIssuance":-1477000000,
        "commonStockIssuance":74000000,
        "commonStockRepurchased":-1551000000,
        "netPreferredStockIssuance":0,
        "netDividendsPaid":0,
        "commonDividendsPaid":0,
        "preferredDividendsPaid":0,
        "otherFinancingActivities":-490000000,
        "netCashProvidedByFinancingActivities":-3174000000,
        "effectOfForexChangesOnCash":1437000000,
        "netChangeInCash":-859000000,
        "cashAtEndOfPeriod":6688000000,
        "cashAtBeginningOfPeriod":7547000000,
        "operatingCashFlow":898000000,
        "capitalExpenditure":-206000000,
        "freeCashFlow":692000000,
        "incomeTaxesPaid":742000000,
        "interestPaid":189000000,
        "symbol_2":"PYPL",
        "stockPrice":74.32,
        "numberOfShares":969000000,
        "marketCapitalization":72016080000,
        "minusCashAndCashEquivalents":6688000000,
        "addTotalDebt":11296000000,
        "enterpriseValue":76624080000,
        "revenue_qoq":6.3791554358,
        "revenue_yoy":5.1109701966,
        "netIncome_qoq":-2.0202020202,
        "netIncome_yoy":11.7907801418,
        "operatingCashFlow_qoq":-22.5862068966,
        "operatingCashFlow_yoy":-41.1147540984,
        "eps_qoq":-0.7633587786,
        "eps_yoy":20.3703703704
    },
    {
        "date":"2025-03-31",
        "symbol":"PYPL",
        "reportedCurrency":"USD",
        "cik":"0001633917",
        "filingDate":"2025-04-29",
        "acceptedDate":"2025-04-29 16:54:06",
        "fiscalYear":"2025",
        "period":"Q1",
        "revenue":7791000000,
        "costOfRevenue":4075000000,
        "grossProfit":3716000000,
        "researchAndDevelopmentExpenses":731000000,
        "generalAndAdministrativeExpenses":503000000,
        "sellingAndMarketingExpenses":488000000,
        "sellingGeneralAndAdministrativeExpenses":991000000,
        "otherExpenses":464000000,
        "operatingExpenses":2186000000,
        "costAndExpenses":6261000000,
        "netInterestIncome":42000000,
        "interestIncome":145000000,
        "interestExpense":103000000,
        "depreciationAndAmortization":245000000,
        "ebitda":1951000000,
        "ebit":1706000000,
        "nonOperatingIncomeExcludingInterest":-176000000,
        "operatingIncome":1530000000,
        "totalOtherIncomeExpensesNet":73000000,
        "incomeBeforeTax":1603000000,
        "incomeTaxExpense":316000000,
        "netIncomeFromContinuingOperations":1287000000,
        "netIncomeFromDiscontinuedOperations":0,
        "otherAdjustmentsToNetIncome":0,
        "netIncome":1287000000,
        "netIncomeDeductions":0,
        "bottomLineNetIncome":1287000000,
        "eps":1.31,
        "epsDiluted":1.29,
        "weightedAverageShsOut":986000000,
        "weightedAverageShsOutDil":999000000,
        "symbol_1":"PYPL",
        "reportedCurrency_1":"USD",
        "cik_1":"0001633917",
        "filingDate_1":"2025-04-29",
        "acceptedDate_1":"2025-04-29 16:54:06",
        "fiscalYear_1":"2025",
        "period_1":"Q1",
        "netIncome_1":1287000000,
        "depreciationAndAmortization_1":245000000,
        "deferredIncomeTax":-6000000,
        "stockBasedCompensation":249000000,
        "changeInWorkingCapital":-676000000,
        "accountsReceivables":-98000000,
        "inventory":0,
        "accountsPayables":-52000000,
        "otherWorkingCapital":-526000000,
        "otherNonCashItems":61000000,
        "netCashProvidedByOperatingActivities":1160000000,
        "investmentsInPropertyPlantAndEquipment":-196000000,
        "acquisitionsNet":0,
        "purchasesOfInvestments":-6170000000,
        "salesMaturitiesOfInvestments":5552000000,
        "otherInvestingActivities":-2843000000,
        "netCashProvidedByInvestingActivities":-3657000000,
        "netDebtIssuance":1491000000,
        "longTermNetDebtIssuance":1491000000,
        "shortTermNetDebtIssuance":0,
        "netStockIssuance":-1500000000,
        "netCommonStockIssuance":-1500000000,
        "commonStockIssuance":0,
        "commonStockRepurchased":-1500000000,
        "netPreferredStockIssuance":0,
        "netDividendsPaid":0,
        "commonDividendsPaid":0,
        "preferredDividendsPaid":0,
        "otherFinancingActivities":1003000000,
        "netCashProvidedByFinancingActivities":994000000,
        "effectOfForexChangesOnCash":94000000,
        "netChangeInCash":-1409000000,
        "cashAtEndOfPeriod":20981000000,
        "cashAtBeginningOfPeriod":22390000000,
        "operatingCashFlow":1160000000,
        "capitalExpenditure":-196000000,
        "freeCashFlow":964000000,
        "incomeTaxesPaid":95000000,
        "interestPaid":2000000,
        "symbol_2":"PYPL",
        "stockPrice":65.25,
        "numberOfShares":986000000,
        "marketCapitalization":64336500000,
        "minusCashAndCashEquivalents":7449000000,
        "addTotalDebt":11417000000,
        "enterpriseValue":68304500000,
        "revenue_qoq":-6.8730576142,
        "revenue_yoy":1.1949603845,
        "netIncome_qoq":14.8082069581,
        "netIncome_yoy":44.9324324324,
        "operatingCashFlow_qoq":-51.5455304929,
        "operatingCashFlow_yoy":-39.4887845592,
        "eps_qoq":16.9642857143,
        "eps_yoy":57.8313253012
    },
    {
        "date":"2024-12-31",
        "symbol":"PYPL",
        "reportedCurrency":"USD",
        "cik":"0001633917",
        "filingDate":"2025-02-04",
        "acceptedDate":"2025-02-04 17:25:36",
        "fiscalYear":"2024",
        "period":"Q4",
        "revenue":8366000000,
        "costOfRevenue":4431000000,
        "grossProfit":3935000000,
        "researchAndDevelopmentExpenses":773000000,
        "generalAndAdministrativeExpenses":594000000,
        "sellingAndMarketingExpenses":626000000,
        "sellingGeneralAndAdministrativeExpenses":1220000000,
        "otherExpenses":501000000,
        "operatingExpenses":2494000000,
        "costAndExpenses":6925000000,
        "netInterestIncome":51000000,
        "interestIncome":148000000,
        "interestExpense":97000000,
        "depreciationAndAmortization":249000000,
        "ebitda":1756000000,
        "ebit":1507000000,
        "nonOperatingIncomeExcludingInterest":-66000000,
        "operatingIncome":1441000000,
        "totalOtherIncomeExpensesNet":-31000000,
        "incomeBeforeTax":1410000000,
        "incomeTaxExpense":289000000,
        "netIncomeFromContinuingOperations":1121000000,
        "netIncomeFromDiscontinuedOperations":0,
        "otherAdjustmentsToNetIncome":0,
        "netIncome":1121000000,
        "netIncomeDeductions":0,
        "bottomLineNetIncome":1121000000,
        "eps":1.12,
        "epsDiluted":1.11,
        "weightedAverageShsOut":997000000,
        "weightedAverageShsOutDil":1014000000,
        "symbol_1":"PYPL",
        "reportedCurrency_1":"USD",
        "cik_1":"0001633917",
        "filingDate_1":"2025-02-04",
        "acceptedDate_1":"2025-02-04 17:25:36",
        "fiscalYear_1":"2024",
        "period_1":"Q4",
        "netIncome_1":1121000000,
        "depreciationAndAmortization_1":249000000,
        "deferredIncomeTax":223000000,
        "stockBasedCompensation":283000000,
        "changeInWorkingCapital":34000000,
        "accountsReceivables":54000000,
        "inventory":0,
        "accountsPayables":59000000,
        "otherWorkingCapital":-79000000,
        "otherNonCashItems":484000000,
        "netCashProvidedByOperatingActivities":2394000000,
        "investmentsInPropertyPlantAndEquipment":-203000000,
        "acquisitionsNet":0,
        "purchasesOfInvestments":-5515000000,
        "salesMaturitiesOfInvestments":5894000000,
        "otherInvestingActivities":2281000000,
        "netCashProvidedByInvestingActivities":2457000000,
        "netDebtIssuance":-1250000000,
        "longTermNetDebtIssuance":-1250000000,
        "shortTermNetDebtIssuance":0,
        "netStockIssuance":-1229000000,
        "netCommonStockIssuance":-1229000000,
        "commonStockIssuance":40000000,
        "commonStockRepurchased":-1269000000,
        "netPreferredStockIssuance":0,
        "netDividendsPaid":0,
        "commonDividendsPaid":0,
        "preferredDividendsPaid":0,
        "otherFinancingActivities":-1106000000,
        "netCashProvidedByFinancingActivities":-3585000000,
        "effectOfForexChangesOnCash":-310000000,
        "netChangeInCash":956000000,
        "cashAtEndOfPeriod":22390000000,
        "cashAtBeginningOfPeriod":21434000000,
        "operatingCashFlow":2394000000,
        "capitalExpenditure":-203000000,
        "freeCashFlow":2191000000,
        "incomeTaxesPaid":52000000,
        "interestPaid":198000000,
        "symbol_2":"PYPL",
        "stockPrice":85.35,
        "numberOfShares":997000000,
        "marketCapitalization":85093950000,
        "minusCashAndCashEquivalents":6561000000,
        "addTotalDebt":9879000000,
        "enterpriseValue":88411950000,
        "revenue_qoq":6.6139926086,
        "revenue_yoy":4.2362322452,
        "netIncome_qoq":10.9900990099,
        "netIncome_yoy":-20.0427960057,
        "operatingCashFlow_qoq":48.3271375465,
        "operatingCashFlow_yoy":-8.416220352,
        "eps_qoq":12.0,
        "eps_yoy":-13.8461538462
    },
    {
        "date":"2024-09-30",
        "symbol":"PYPL",
        "reportedCurrency":"USD",
        "cik":"0001633917",
        "filingDate":"2024-10-29",
        "acceptedDate":"2024-10-29 16:55:06",
        "fiscalYear":"2024",
        "period":"Q3",
        "revenue":7847000000,
        "costOfRevenue":4193000000,
        "grossProfit":3654000000,
        "researchAndDevelopmentExpenses":746000000,
        "generalAndAdministrativeExpenses":519000000,
        "sellingAndMarketingExpenses":508000000,
        "sellingGeneralAndAdministrativeExpenses":1027000000,
        "otherExpenses":490000000,
        "operatingExpenses":2263000000,
        "costAndExpenses":6456000000,
        "netInterestIncome":77000000,
        "interestIncome":183000000,
        "interestExpense":106000000,
        "depreciationAndAmortization":255000000,
        "ebitda":1672000000,
        "ebit":1417000000,
        "nonOperatingIncomeExcludingInterest":-26000000,
        "operatingIncome":1391000000,
        "totalOtherIncomeExpensesNet":-80000000,
        "incomeBeforeTax":1311000000,
        "incomeTaxExpense":301000000,
        "netIncomeFromContinuingOperations":1010000000,
        "netIncomeFromDiscontinuedOperations":0,
        "otherAdjustmentsToNetIncome":0,
        "netIncome":1010000000,
        "netIncomeDeductions":0,
        "bottomLineNetIncome":1010000000,
        "eps":1.0,
        "epsDiluted":0.99,
        "weightedAverageShsOut":1015000000,
        "weightedAverageShsOutDil":1024000000,
        "symbol_1":"PYPL",
        "reportedCurrency_1":"USD",
        "cik_1":"0001633917",
        "filingDate_1":"2024-10-29",
        "acceptedDate_1":"2024-10-29 16:55:06",
        "fiscalYear_1":"2024",
        "period_1":"Q3",
        "netIncome_1":1010000000,
        "depreciationAndAmortization_1":255000000,
        "deferredIncomeTax":-21000000,
        "stockBasedCompensation":284000000,
        "changeInWorkingCapital":-152000000,
        "accountsReceivables":-51000000,
        "inventory":0,
        "accountsPayables":35000000,
        "otherWorkingCapital":-136000000,
        "otherNonCashItems":238000000,
        "netCashProvidedByOperatingActivities":1614000000,
        "investmentsInPropertyPlantAndEquipment":-169000000,
        "acquisitionsNet":0,
        "purchasesOfInvestments":-5114000000,
        "salesMaturitiesOfInvestments":7164000000,
        "otherInvestingActivities":918000000,
        "netCashProvidedByInvestingActivities":2799000000,
        "netDebtIssuance":132000000,
        "longTermNetDebtIssuance":132000000,
        "shortTermNetDebtIssuance":0,
        "netStockIssuance":-1776000000,
        "netCommonStockIssuance":-1776000000,
        "commonStockIssuance":0,
        "commonStockRepurchased":-1776000000,
        "netPreferredStockIssuance":0,
        "netDividendsPaid":0,
        "commonDividendsPaid":0,
        "preferredDividendsPaid":0,
        "otherFinancingActivities":-885000000,
        "netCashProvidedByFinancingActivities":-2529000000,
        "effectOfForexChangesOnCash":192000000,
        "netChangeInCash":2076000000,
        "cashAtEndOfPeriod":21434000000,
        "cashAtBeginningOfPeriod":19358000000,
        "operatingCashFlow":1614000000,
        "capitalExpenditure":-169000000,
        "freeCashFlow":1445000000,
        "incomeTaxesPaid":153000000,
        "interestPaid":2000000,
        "symbol_2":"PYPL",
        "stockPrice":78.03,
        "numberOfShares":1015000000,
        "marketCapitalization":79200450000,
        "minusCashAndCashEquivalents":7272000000,
        "addTotalDebt":9976000000,
        "enterpriseValue":81904450000,
        "revenue_qoq":-0.4819277108,
        "revenue_yoy":5.7832299811,
        "netIncome_qoq":-10.4609929078,
        "netIncome_yoy":-0.9803921569,
        "operatingCashFlow_qoq":5.8360655738,
        "operatingCashFlow_yoy":28.1969817315,
        "eps_qoq":-7.4074074074,
        "eps_yoy":7.5268817204
    },
    {
        "date":"2024-06-30",
        "symbol":"PYPL",
        "reportedCurrency":"USD",
        "cik":"0001633917",
        "filingDate":"2024-07-30",
        "acceptedDate":"2024-07-30 16:52:08",
        "fiscalYear":"2024",
        "period":"Q2",
        "revenue":7885000000,
        "costOfRevenue":4277000000,
        "grossProfit":3608000000,
        "researchAndDevelopmentExpenses":718000000,
        "generalAndAdministrativeExpenses":570000000,
        "sellingAndMarketingExpenses":446000000,
        "sellingGeneralAndAdministrativeExpenses":1016000000,
        "otherExpenses":549000000,
        "operatingExpenses":2283000000,
        "costAndExpenses":6560000000,
        "netInterestIncome":72000000,
        "interestIncome":165000000,
        "interestExpense":93000000,
        "depreciationAndAmortization":263000000,
        "ebitda":1755000000,
        "ebit":1492000000,
        "nonOperatingIncomeExcludingInterest":-167000000,
        "operatingIncome":1325000000,
        "totalOtherIncomeExpensesNet":74000000,
        "incomeBeforeTax":1399000000,
        "incomeTaxExpense":271000000,
        "netIncomeFromContinuingOperations":1128000000,
        "netIncomeFromDiscontinuedOperations":0,
        "otherAdjustmentsToNetIncome":0,
        "netIncome":1128000000,
        "netIncomeDeductions":0,
        "bottomLineNetIncome":1128000000,
        "eps":1.08,
        "epsDiluted":1.08,
        "weightedAverageShsOut":1042000000,
        "weightedAverageShsOutDil":1047000000,
        "symbol_1":"PYPL",
        "reportedCurrency_1":"USD",
        "cik_1":"0001633917",
        "filingDate_1":"2024-07-30",
        "acceptedDate_1":"2024-07-30 16:52:08",
        "fiscalYear_1":"2024",
        "period_1":"Q2",
        "netIncome_1":1128000000,
        "depreciationAndAmortization_1":263000000,
        "deferredIncomeTax":-23000000,
        "stockBasedCompensation":298000000,
        "changeInWorkingCapital":-555000000,
        "accountsReceivables":121000000,
        "inventory":0,
        "accountsPayables":11000000,
        "otherWorkingCapital":-687000000,
        "otherNonCashItems":414000000,
        "netCashProvidedByOperatingActivities":1525000000,
        "investmentsInPropertyPlantAndEquipment":-157000000,
        "acquisitionsNet":0,
        "purchasesOfInvestments":-8923000000,
        "salesMaturitiesOfInvestments":4999000000,
        "otherInvestingActivities":-566000000,
        "netCashProvidedByInvestingActivities":-4647000000,
        "netDebtIssuance":1247000000,
        "longTermNetDebtIssuance":1247000000,
        "shortTermNetDebtIssuance":0,
        "netStockIssuance":-1446000000,
        "netCommonStockIssuance":-1446000000,
        "commonStockIssuance":55000000,
        "commonStockRepurchased":-1501000000,
        "netPreferredStockIssuance":0,
        "netDividendsPaid":0,
        "commonDividendsPaid":0,
        "preferredDividendsPaid":0,
        "otherFinancingActivities":399000000,
        "netCashProvidedByFinancingActivities":200000000,
        "effectOfForexChangesOnCash":5000000,
        "netChangeInCash":-2917000000,
        "cashAtEndOfPeriod":19358000000,
        "cashAtBeginningOfPeriod":22275000000,
        "operatingCashFlow":1525000000,
        "capitalExpenditure":-157000000,
        "freeCashFlow":1368000000,
        "incomeTaxesPaid":739000000,
        "interestPaid":164000000,
        "symbol_2":"PYPL",
        "stockPrice":57.81,
        "numberOfShares":1042000000,
        "marketCapitalization":60238020000,
        "minusCashAndCashEquivalents":7701000000,
        "addTotalDebt":9727000000,
        "enterpriseValue":62264020000,
        "revenue_qoq":2.4158981686,
        "revenue_yoy":8.2063949499,
        "netIncome_qoq":27.027027027,
        "netIncome_yoy":9.6209912536,
        "operatingCashFlow_qoq":-20.4486176317,
        "operatingCashFlow_yoy":-862.5,
        "eps_qoq":30.1204819277,
        "eps_yoy":16.1290322581
    },
    {
        "date":"2024-03-31",
        "symbol":"PYPL",
        "reportedCurrency":"USD",
        "cik":"0001633917",
        "filingDate":"2024-04-30",
        "acceptedDate":"2024-04-30 16:49:48",
        "fiscalYear":"2024",
        "period":"Q1",
        "revenue":7699000000,
        "costOfRevenue":4238000000,
        "grossProfit":3461000000,
        "researchAndDevelopmentExpenses":742000000,
        "generalAndAdministrativeExpenses":464000000,
        "sellingAndMarketingExpenses":421000000,
        "sellingGeneralAndAdministrativeExpenses":885000000,
        "otherExpenses":666000000,
        "operatingExpenses":2293000000,
        "costAndExpenses":6531000000,
        "netInterestIncome":80000000,
        "interestIncome":166000000,
        "interestExpense":86000000,
        "depreciationAndAmortization":265000000,
        "ebitda":1560000000,
        "ebit":1295000000,
        "nonOperatingIncomeExcludingInterest":-127000000,
        "operatingIncome":1168000000,
        "totalOtherIncomeExpensesNet":41000000,
        "incomeBeforeTax":1209000000,
        "incomeTaxExpense":321000000,
        "netIncomeFromContinuingOperations":888000000,
        "netIncomeFromDiscontinuedOperations":0,
        "otherAdjustmentsToNetIncome":0,
        "netIncome":888000000,
        "netIncomeDeductions":0,
        "bottomLineNetIncome":888000000,
        "eps":0.83,
        "epsDiluted":0.83,
        "weightedAverageShsOut":1064000000,
        "weightedAverageShsOutDil":1072000000,
        "symbol_1":"PYPL",
        "reportedCurrency_1":"USD",
        "cik_1":"0001633917",
        "filingDate_1":"2024-04-30",
        "acceptedDate_1":"2024-04-30 16:49:48",
        "fiscalYear_1":"2024",
        "period_1":"Q1",
        "netIncome_1":888000000,
        "depreciationAndAmortization_1":265000000,
        "deferredIncomeTax":52000000,
        "stockBasedCompensation":365000000,
        "changeInWorkingCapital":115000000,
        "accountsReceivables":-39000000,
        "inventory":0,
        "accountsPayables":-22000000,
        "otherWorkingCapital":176000000,
        "otherNonCashItems":232000000,
        "netCashProvidedByOperatingActivities":1917000000,
        "investmentsInPropertyPlantAndEquipment":-154000000,
        "acquisitionsNet":0,
        "purchasesOfInvestments":-7081000000,
        "salesMaturitiesOfInvestments":9242000000,
        "otherInvestingActivities":-1027000000,
        "netCashProvidedByInvestingActivities":980000000,
        "netDebtIssuance":-244000000,
        "longTermNetDebtIssuance":-244000000,
        "shortTermNetDebtIssuance":0,
        "netStockIssuance":-1501000000,
        "netCommonStockIssuance":-1501000000,
        "commonStockIssuance":0,
        "commonStockRepurchased":-1501000000,
        "netPreferredStockIssuance":0,
        "netDividendsPaid":0,
        "commonDividendsPaid":0,
        "preferredDividendsPaid":0,
        "otherFinancingActivities":-617000000,
        "netCashProvidedByFinancingActivities":-2362000000,
        "effectOfForexChangesOnCash":-94000000,
        "netChangeInCash":441000000,
        "cashAtEndOfPeriod":22275000000,
        "cashAtBeginningOfPeriod":21834000000,
        "operatingCashFlow":1917000000,
        "capitalExpenditure":-154000000,
        "freeCashFlow":1763000000,
        "incomeTaxesPaid":83000000,
        "interestPaid":2000000,
        "symbol_2":"PYPL",
        "stockPrice":65.03,
        "numberOfShares":1064000000,
        "marketCapitalization":69191920000,
        "minusCashAndCashEquivalents":9693000000,
        "addTotalDebt":9683000000,
        "enterpriseValue":69181920000,
        "revenue_qoq":-4.0742586594,
        "revenue_yoy":9.3607954545,
        "netIncome_qoq":-36.6619115549,
        "netIncome_yoy":11.6981132075,
        "operatingCashFlow_qoq":-26.6641162969,
        "operatingCashFlow_yoy":63.8461538462,
        "eps_qoq":-36.1538461538,
        "eps_yoy":18.5714285714
    },
    {
        "date":"2023-12-31",
        "symbol":"PYPL",
        "reportedCurrency":"USD",
        "cik":"0001633917",
        "filingDate":"2024-02-08",
        "acceptedDate":"2024-02-07 19:35:06",
        "fiscalYear":"2023",
        "period":"Q4",
        "revenue":8026000000,
        "costOfRevenue":4354000000,
        "grossProfit":3672000000,
        "researchAndDevelopmentExpenses":770000000,
        "generalAndAdministrativeExpenses":554000000,
        "sellingAndMarketingExpenses":466000000,
        "sellingGeneralAndAdministrativeExpenses":1020000000,
        "otherExpenses":154000000,
        "operatingExpenses":1944000000,
        "costAndExpenses":6298000000,
        "netInterestIncome":45000000,
        "interestIncome":132000000,
        "interestExpense":87000000,
        "depreciationAndAmortization":263000000,
        "ebitda":2143000000,
        "ebit":1880000000,
        "nonOperatingIncomeExcludingInterest":-152000000,
        "operatingIncome":1728000000,
        "totalOtherIncomeExpensesNet":65000000,
        "incomeBeforeTax":1793000000,
        "incomeTaxExpense":391000000,
        "netIncomeFromContinuingOperations":1402000000,
        "netIncomeFromDiscontinuedOperations":0,
        "otherAdjustmentsToNetIncome":0,
        "netIncome":1402000000,
        "netIncomeDeductions":0,
        "bottomLineNetIncome":1402000000,
        "eps":1.3,
        "epsDiluted":1.29,
        "weightedAverageShsOut":1077000000,
        "weightedAverageShsOutDil":1084000000,
        "symbol_1":"PYPL",
        "reportedCurrency_1":"USD",
        "cik_1":"0001633917",
        "filingDate_1":"2024-02-08",
        "acceptedDate_1":"2024-02-07 19:35:06",
        "fiscalYear_1":"2023",
        "period_1":"Q4",
        "netIncome_1":1402000000,
        "depreciationAndAmortization_1":263000000,
        "deferredIncomeTax":-229000000,
        "stockBasedCompensation":388000000,
        "changeInWorkingCapital":-408000000,
        "accountsReceivables":-79000000,
        "inventory":0,
        "accountsPayables":13000000,
        "otherWorkingCapital":-342000000,
        "otherNonCashItems":1198000000,
        "netCashProvidedByOperatingActivities":2614000000,
        "investmentsInPropertyPlantAndEquipment":-145000000,
        "acquisitionsNet":0,
        "purchasesOfInvestments":-7005000000,
        "salesMaturitiesOfInvestments":8185000000,
        "otherInvestingActivities":-1569000000,
        "netCashProvidedByInvestingActivities":-534000000,
        "netDebtIssuance":588000000,
        "longTermNetDebtIssuance":588000000,
        "shortTermNetDebtIssuance":0,
        "netStockIssuance":-562000000,
        "netCommonStockIssuance":-562000000,
        "commonStockIssuance":45000000,
        "commonStockRepurchased":-607000000,
        "netPreferredStockIssuance":0,
        "netDividendsPaid":0,
        "commonDividendsPaid":0,
        "preferredDividendsPaid":0,
        "otherFinancingActivities":2974000000,
        "netCashProvidedByFinancingActivities":3000000000,
        "effectOfForexChangesOnCash":171000000,
        "netChangeInCash":5251000000,
        "cashAtEndOfPeriod":21834000000,
        "cashAtBeginningOfPeriod":16583000000,
        "operatingCashFlow":2614000000,
        "capitalExpenditure":-145000000,
        "freeCashFlow":2469000000,
        "incomeTaxesPaid":1060000000,
        "interestPaid":164000000,
        "symbol_2":"PYPL",
        "stockPrice":61.41,
        "numberOfShares":1077000000,
        "marketCapitalization":66138570000,
        "minusCashAndCashEquivalents":9081000000,
        "addTotalDebt":9676000000,
        "enterpriseValue":66733570000,
        "revenue_qoq":8.1962793206,
        "revenue_yoy":8.7091968035,
        "netIncome_qoq":37.4509803922,
        "netIncome_yoy":52.2258414767,
        "operatingCashFlow_qoq":107.6250992851,
        "operatingCashFlow_yoy":125.9291270527,
        "eps_qoq":39.7849462366,
        "eps_yoy":60.4938271605
    },
    {
        "date":"2023-09-30",
        "symbol":"PYPL",
        "reportedCurrency":"USD",
        "cik":"0001633917",
        "filingDate":"2023-11-02",
        "acceptedDate":"2023-11-01 19:36:59",
        "fiscalYear":"2023",
        "period":"Q3",
        "revenue":7418000000,
        "costOfRevenue":4049000000,
        "grossProfit":3369000000,
        "researchAndDevelopmentExpenses":739000000,
        "generalAndAdministrativeExpenses":507000000,
        "sellingAndMarketingExpenses":442000000,
        "sellingGeneralAndAdministrativeExpenses":949000000,
        "otherExpenses":513000000,
        "operatingExpenses":2201000000,
        "costAndExpenses":6250000000,
        "netInterestIncome":38000000,
        "interestIncome":124000000,
        "interestExpense":86000000,
        "depreciationAndAmortization":270000000,
        "ebitda":1597000000,
        "ebit":1327000000,
        "nonOperatingIncomeExcludingInterest":-159000000,
        "operatingIncome":1168000000,
        "totalOtherIncomeExpensesNet":73000000,
        "incomeBeforeTax":1241000000,
        "incomeTaxExpense":221000000,
        "netIncomeFromContinuingOperations":1020000000,
        "netIncomeFromDiscontinuedOperations":0,
        "otherAdjustmentsToNetIncome":0,
        "netIncome":1020000000,
        "netIncomeDeductions":0,
        "bottomLineNetIncome":1020000000,
        "eps":0.93,
        "epsDiluted":0.93,
        "weightedAverageShsOut":1094000000,
        "weightedAverageShsOutDil":1098000000,
        "symbol_1":"PYPL",
        "reportedCurrency_1":"USD",
        "cik_1":"0001633917",
        "filingDate_1":"2023-11-02",
        "acceptedDate_1":"2023-11-01 19:36:59",
        "fiscalYear_1":"2023",
        "period_1":"Q3",
        "netIncome_1":1020000000,
        "depreciationAndAmortization_1":270000000,
        "deferredIncomeTax":-293000000,
        "stockBasedCompensation":379000000,
        "changeInWorkingCapital":247000000,
        "accountsReceivables":-71000000,
        "inventory":0,
        "accountsPayables":6000000,
        "otherWorkingCapital":312000000,
        "otherNonCashItems":-364000000,
        "netCashProvidedByOperatingActivities":1259000000,
        "investmentsInPropertyPlantAndEquipment":-158000000,
        "acquisitionsNet":0,
        "purchasesOfInvestments":-4452000000,
        "salesMaturitiesOfInvestments":5368000000,
        "otherInvestingActivities":-1065000000,
        "netCashProvidedByInvestingActivities":-307000000,
        "netDebtIssuance":109000000,
        "longTermNetDebtIssuance":109000000,
        "shortTermNetDebtIssuance":0,
        "netStockIssuance":-1434000000,
        "netCommonStockIssuance":-1434000000,
        "commonStockIssuance":0,
        "commonStockRepurchased":-1434000000,
        "netPreferredStockIssuance":0,
        "netDividendsPaid":0,
        "commonDividendsPaid":0,
        "preferredDividendsPaid":0,
        "otherFinancingActivities":1386000000,
        "netCashProvidedByFinancingActivities":61000000,
        "effectOfForexChangesOnCash":-45000000,
        "netChangeInCash":968000000,
        "cashAtEndOfPeriod":16583000000,
        "cashAtBeginningOfPeriod":15615000000,
        "operatingCashFlow":1259000000,
        "capitalExpenditure":-158000000,
        "freeCashFlow":1101000000,
        "incomeTaxesPaid":152000000,
        "interestPaid":0,
        "symbol_2":"PYPL",
        "stockPrice":58.46,
        "numberOfShares":1094000000,
        "marketCapitalization":63955240000,
        "minusCashAndCashEquivalents":6816000000,
        "addTotalDebt":10640000000,
        "enterpriseValue":67779240000,
        "revenue_qoq":1.7977219706,
        "revenue_yoy":8.3552439381,
        "netIncome_qoq":-0.8746355685,
        "netIncome_yoy":-23.3082706767,
        "operatingCashFlow_qoq":-729.5,
        "operatingCashFlow_yoy":-28.2621082621,
        "eps_qoq":0.0,
        "eps_yoy":-19.1304347826
    },
    {
        "date":"2023-06-30",
        "symbol":"PYPL",
        "reportedCurrency":"USD",
        "cik":"0001633917",
        "filingDate":"2023-08-03",
        "acceptedDate":"2023-08-02 19:24:53",
        "fiscalYear":"2023",
        "period":"Q2",
        "revenue":7287000000,
        "costOfRevenue":3939000000,
        "grossProfit":3348000000,
        "researchAndDevelopmentExpenses":743000000,
        "generalAndAdministrativeExpenses":491000000,
        "sellingAndMarketingExpenses":465000000,
        "sellingGeneralAndAdministrativeExpenses":956000000,
        "otherExpenses":516000000,
        "operatingExpenses":2215000000,
        "costAndExpenses":6154000000,
        "netInterestIncome":29000000,
        "interestIncome":116000000,
        "interestExpense":87000000,
        "depreciationAndAmortization":269000000,
        "ebitda":1659000000,
        "ebit":1390000000,
        "nonOperatingIncomeExcludingInterest":-257000000,
        "operatingIncome":1133000000,
        "totalOtherIncomeExpensesNet":170000000,
        "incomeBeforeTax":1303000000,
        "incomeTaxExpense":274000000,
        "netIncomeFromContinuingOperations":1029000000,
        "netIncomeFromDiscontinuedOperations":0,
        "otherAdjustmentsToNetIncome":0,
        "netIncome":1029000000,
        "netIncomeDeductions":0,
        "bottomLineNetIncome":1029000000,
        "eps":0.93,
        "epsDiluted":0.92,
        "weightedAverageShsOut":1111000000,
        "weightedAverageShsOutDil":1114000000,
        "symbol_1":"PYPL",
        "reportedCurrency_1":"USD",
        "cik_1":"0001633917",
        "filingDate_1":"2023-08-03",
        "acceptedDate_1":"2023-08-02 19:24:53",
        "fiscalYear_1":"2023",
        "period_1":"Q2",
        "netIncome_1":1029000000,
        "depreciationAndAmortization_1":269000000,
        "deferredIncomeTax":-79000000,
        "stockBasedCompensation":363000000,
        "changeInWorkingCapital":-678000000,
        "accountsReceivables":39000000,
        "inventory":0,
        "accountsPayables":-15000000,
        "otherWorkingCapital":-702000000,
        "otherNonCashItems":-1104000000,
        "netCashProvidedByOperatingActivities":-200000000,
        "investmentsInPropertyPlantAndEquipment":-150000000,
        "acquisitionsNet":0,
        "purchasesOfInvestments":-4423000000,
        "salesMaturitiesOfInvestments":5297000000,
        "otherInvestingActivities":716000000,
        "netCashProvidedByInvestingActivities":1440000000,
        "netDebtIssuance":-289000000,
        "longTermNetDebtIssuance":-289000000,
        "shortTermNetDebtIssuance":0,
        "netStockIssuance":-1448000000,
        "netCommonStockIssuance":-1448000000,
        "commonStockIssuance":81000000,
        "commonStockRepurchased":-1529000000,
        "netPreferredStockIssuance":0,
        "netDividendsPaid":0,
        "commonDividendsPaid":0,
        "preferredDividendsPaid":0,
        "otherFinancingActivities":-1536000000,
        "netCashProvidedByFinancingActivities":-3273000000,
        "effectOfForexChangesOnCash":-46000000,
        "netChangeInCash":-2079000000,
        "cashAtEndOfPeriod":15615000000,
        "cashAtBeginningOfPeriod":17694000000,
        "operatingCashFlow":-200000000,
        "capitalExpenditure":-150000000,
        "freeCashFlow":-350000000,
        "incomeTaxesPaid":411000000,
        "interestPaid":165000000,
        "symbol_2":"PYPL",
        "stockPrice":66.73,
        "numberOfShares":1111000000,
        "marketCapitalization":74137030000,
        "minusCashAndCashEquivalents":5504000000,
        "addTotalDebt":10549000000,
        "enterpriseValue":79182030000,
        "revenue_qoq":3.5085227273,
        "revenue_yoy":7.0672935645,
        "netIncome_qoq":29.4339622642,
        "netIncome_yoy":-401.7595307918,
        "operatingCashFlow_qoq":-117.094017094,
        "operatingCashFlow_yoy":-116.0,
        "eps_qoq":32.8571428571,
        "eps_yoy":-420.6896551724
    },
    {
        "date":"2023-03-31",
        "symbol":"PYPL",
        "reportedCurrency":"USD",
        "cik":"0001633917",
        "filingDate":"2023-05-09",
        "acceptedDate":"2023-05-08 19:11:44",
        "fiscalYear":"2023",
        "period":"Q1",
        "revenue":7040000000,
        "costOfRevenue":3725000000,
        "grossProfit":3315000000,
        "researchAndDevelopmentExpenses":721000000,
        "generalAndAdministrativeExpenses":507000000,
        "sellingAndMarketingExpenses":436000000,
        "sellingGeneralAndAdministrativeExpenses":943000000,
        "otherExpenses":652000000,
        "operatingExpenses":2316000000,
        "costAndExpenses":6041000000,
        "netInterestIncome":21000000,
        "interestIncome":108000000,
        "interestExpense":87000000,
        "depreciationAndAmortization":270000000,
        "ebitda":1431000000,
        "ebit":1161000000,
        "nonOperatingIncomeExcludingInterest":-162000000,
        "operatingIncome":999000000,
        "totalOtherIncomeExpensesNet":75000000,
        "incomeBeforeTax":1074000000,
        "incomeTaxExpense":279000000,
        "netIncomeFromContinuingOperations":795000000,
        "netIncomeFromDiscontinuedOperations":0,
        "otherAdjustmentsToNetIncome":0,
        "netIncome":795000000,
        "netIncomeDeductions":0,
        "bottomLineNetIncome":795000000,
        "eps":0.7,
        "epsDiluted":0.7,
        "weightedAverageShsOut":1129000000,
        "weightedAverageShsOutDil":1134000000,
        "symbol_1":"PYPL",
        "reportedCurrency_1":"USD",
        "cik_1":"0001633917",
        "filingDate_1":"2023-05-09",
        "acceptedDate_1":"2023-05-08 19:11:44",
        "fiscalYear_1":"2023",
        "period_1":"Q1",
        "netIncome_1":795000000,
        "depreciationAndAmortization_1":270000000,
        "deferredIncomeTax":-67000000,
        "stockBasedCompensation":345000000,
        "changeInWorkingCapital":-475000000,
        "accountsReceivables":-3000000,
        "inventory":0,
        "accountsPayables":3000000,
        "otherWorkingCapital":-475000000,
        "otherNonCashItems":302000000,
        "netCashProvidedByOperatingActivities":1170000000,
        "investmentsInPropertyPlantAndEquipment":-170000000,
        "acquisitionsNet":0,
        "purchasesOfInvestments":-6100000000,
        "salesMaturitiesOfInvestments":5445000000,
        "otherInvestingActivities":978000000,
        "netCashProvidedByInvestingActivities":153000000,
        "netDebtIssuance":67000000,
        "longTermNetDebtIssuance":67000000,
        "shortTermNetDebtIssuance":0,
        "netStockIssuance":-1431000000,
        "netCommonStockIssuance":-1431000000,
        "commonStockIssuance":1000000,
        "commonStockRepurchased":-1432000000,
        "netPreferredStockIssuance":0,
        "netDividendsPaid":0,
        "commonDividendsPaid":0,
        "preferredDividendsPaid":0,
        "otherFinancingActivities":-1417000000,
        "netCashProvidedByFinancingActivities":-2781000000,
        "effectOfForexChangesOnCash":-4000000,
        "netChangeInCash":-1462000000,
        "cashAtEndOfPeriod":17694000000,
        "cashAtBeginningOfPeriod":19156000000,
        "operatingCashFlow":1170000000,
        "capitalExpenditure":-170000000,
        "freeCashFlow":1000000000,
        "incomeTaxesPaid":495000000,
        "interestPaid":2000000,
        "symbol_2":"PYPL",
        "stockPrice":75.94,
        "numberOfShares":1129000000,
        "marketCapitalization":85736260000,
        "minusCashAndCashEquivalents":7101000000,
        "addTotalDebt":10481000000,
        "enterpriseValue":89116260000,
        "revenue_qoq":-4.6458079372,
        "revenue_yoy":8.5917013728,
        "netIncome_qoq":-13.680781759,
        "netIncome_yoy":56.1886051081,
        "operatingCashFlow_qoq":1.1235955056,
        "operatingCashFlow_yoy":-3.8619556286,
        "eps_qoq":-13.5802469136,
        "eps_yoy":59.0909090909
    },
    {
        "date":"2022-12-31",
        "symbol":"PYPL",
        "reportedCurrency":"USD",
        "cik":"0001633917",
        "filingDate":"2023-02-10",
        "acceptedDate":"2023-02-09 19:38:19",
        "fiscalYear":"2022",
        "period":"Q4",
        "revenue":7383000000,
        "costOfRevenue":3712000000,
        "grossProfit":3671000000,
        "researchAndDevelopmentExpenses":822000000,
        "generalAndAdministrativeExpenses":515000000,
        "sellingAndMarketingExpenses":524000000,
        "sellingGeneralAndAdministrativeExpenses":1039000000,
        "otherExpenses":566000000,
        "operatingExpenses":2427000000,
        "costAndExpenses":6139000000,
        "netInterestIncome":-5000000,
        "interestIncome":84000000,
        "interestExpense":89000000,
        "depreciationAndAmortization":326000000,
        "ebitda":1525000000,
        "ebit":1199000000,
        "nonOperatingIncomeExcludingInterest":45000000,
        "operatingIncome":1244000000,
        "totalOtherIncomeExpensesNet":-134000000,
        "incomeBeforeTax":1110000000,
        "incomeTaxExpense":189000000,
        "netIncomeFromContinuingOperations":921000000,
        "netIncomeFromDiscontinuedOperations":0,
        "otherAdjustmentsToNetIncome":0,
        "netIncome":921000000,
        "netIncomeDeductions":0,
        "bottomLineNetIncome":921000000,
        "eps":0.81,
        "epsDiluted":0.81,
        "weightedAverageShsOut":1139000000,
        "weightedAverageShsOutDil":1144000000,
        "symbol_1":"PYPL",
        "reportedCurrency_1":"USD",
        "cik_1":"0001633917",
        "filingDate_1":"2023-02-10",
        "acceptedDate_1":"2023-02-09 19:38:19",
        "fiscalYear_1":"2022",
        "period_1":"Q4",
        "netIncome_1":921000000,
        "depreciationAndAmortization_1":326000000,
        "deferredIncomeTax":-273000000,
        "stockBasedCompensation":294000000,
        "changeInWorkingCapital":-278000000,
        "accountsReceivables":-74000000,
        "inventory":0,
        "accountsPayables":20000000,
        "otherWorkingCapital":-224000000,
        "otherNonCashItems":167000000,
        "netCashProvidedByOperatingActivities":1157000000,
        "investmentsInPropertyPlantAndEquipment":-158000000,
        "acquisitionsNet":0,
        "purchasesOfInvestments":-3764000000,
        "salesMaturitiesOfInvestments":6641000000,
        "otherInvestingActivities":-2854000000,
        "netCashProvidedByInvestingActivities":-135000000,
        "netDebtIssuance":129000000,
        "longTermNetDebtIssuance":129000000,
        "shortTermNetDebtIssuance":0,
        "netStockIssuance":-953000000,
        "netCommonStockIssuance":-953000000,
        "commonStockIssuance":57000000,
        "commonStockRepurchased":-1010000000,
        "netPreferredStockIssuance":0,
        "netDividendsPaid":0,
        "commonDividendsPaid":0,
        "preferredDividendsPaid":0,
        "otherFinancingActivities":2136000000,
        "netCashProvidedByFinancingActivities":1312000000,
        "effectOfForexChangesOnCash":98000000,
        "netChangeInCash":2432000000,
        "cashAtEndOfPeriod":19156000000,
        "cashAtBeginningOfPeriod":16724000000,
        "operatingCashFlow":1157000000,
        "capitalExpenditure":-158000000,
        "freeCashFlow":999000000,
        "incomeTaxesPaid":0,
        "interestPaid":0,
        "symbol_2":"PYPL",
        "stockPrice":71.22,
        "numberOfShares":1139000000,
        "marketCapitalization":81119580000,
        "minusCashAndCashEquivalents":7776000000,
        "addTotalDebt":10417000000,
        "enterpriseValue":83760580000,
        "revenue_qoq":7.8439964943,
        "revenue_yoy":6.7215958369,
        "netIncome_qoq":-30.7518796992,
        "netIncome_yoy":14.9812734082,
        "operatingCashFlow_qoq":-34.0740740741,
        "operatingCashFlow_yoy":-34.3732274532,
        "eps_qoq":-29.5652173913,
        "eps_yoy":19.1176470588
    },
    {
        "date":"2022-09-30",
        "symbol":"PYPL",
        "reportedCurrency":"USD",
        "cik":"0001633917",
        "filingDate":"2022-11-04",
        "acceptedDate":"2022-11-03 19:29:22",
        "fiscalYear":"2022",
        "period":"Q3",
        "revenue":6846000000,
        "costOfRevenue":3355000000,
        "grossProfit":3491000000,
        "researchAndDevelopmentExpenses":801000000,
        "generalAndAdministrativeExpenses":463000000,
        "sellingAndMarketingExpenses":544000000,
        "sellingGeneralAndAdministrativeExpenses":1007000000,
        "otherExpenses":565000000,
        "operatingExpenses":2373000000,
        "costAndExpenses":5728000000,
        "netInterestIncome":-39000000,
        "interestIncome":48000000,
        "interestExpense":87000000,
        "depreciationAndAmortization":330000000,
        "ebitda":1995000000,
        "ebit":1665000000,
        "nonOperatingIncomeExcludingInterest":-547000000,
        "operatingIncome":1118000000,
        "totalOtherIncomeExpensesNet":460000000,
        "incomeBeforeTax":1578000000,
        "incomeTaxExpense":248000000,
        "netIncomeFromContinuingOperations":1330000000,
        "netIncomeFromDiscontinuedOperations":0,
        "otherAdjustmentsToNetIncome":0,
        "netIncome":1330000000,
        "netIncomeDeductions":0,
        "bottomLineNetIncome":1330000000,
        "eps":1.15,
        "epsDiluted":1.15,
        "weightedAverageShsOut":1154000000,
        "weightedAverageShsOutDil":1157000000,
        "symbol_1":"PYPL",
        "reportedCurrency_1":"USD",
        "cik_1":"0001633917",
        "filingDate_1":"2022-11-04",
        "acceptedDate_1":"2022-11-03 19:29:22",
        "fiscalYear_1":"2022",
        "period_1":"Q3",
        "netIncome_1":1330000000,
        "depreciationAndAmortization_1":330000000,
        "deferredIncomeTax":-81000000,
        "stockBasedCompensation":226000000,
        "changeInWorkingCapital":-141000000,
        "accountsReceivables":-22000000,
        "inventory":0,
        "accountsPayables":-28000000,
        "otherWorkingCapital":-91000000,
        "otherNonCashItems":91000000,
        "netCashProvidedByOperatingActivities":1755000000,
        "investmentsInPropertyPlantAndEquipment":-182000000,
        "acquisitionsNet":0,
        "purchasesOfInvestments":-3304000000,
        "salesMaturitiesOfInvestments":5683000000,
        "otherInvestingActivities":-824000000,
        "netCashProvidedByInvestingActivities":1373000000,
        "netDebtIssuance":58000000,
        "longTermNetDebtIssuance":58000000,
        "shortTermNetDebtIssuance":0,
        "netStockIssuance":-939000000,
        "netCommonStockIssuance":-939000000,
        "commonStockIssuance":0,
        "commonStockRepurchased":-939000000,
        "netPreferredStockIssuance":0,
        "netDividendsPaid":0,
        "commonDividendsPaid":0,
        "preferredDividendsPaid":0,
        "otherFinancingActivities":-2090000000,
        "netCashProvidedByFinancingActivities":-2971000000,
        "effectOfForexChangesOnCash":-117000000,
        "netChangeInCash":40000000,
        "cashAtEndOfPeriod":16724000000,
        "cashAtBeginningOfPeriod":16684000000,
        "operatingCashFlow":1755000000,
        "capitalExpenditure":-182000000,
        "freeCashFlow":1573000000,
        "incomeTaxesPaid":0,
        "interestPaid":0,
        "symbol_2":"PYPL",
        "stockPrice":86.07,
        "numberOfShares":1154000000,
        "marketCapitalization":99324779999,
        "minusCashAndCashEquivalents":6659000000,
        "addTotalDebt":10659000000,
        "enterpriseValue":103324779999,
        "revenue_qoq":0.5877167205,
        "revenue_yoy":10.7408605629,
        "netIncome_qoq":-490.0293255132,
        "netIncome_yoy":22.3551057958,
        "operatingCashFlow_qoq":40.4,
        "operatingCashFlow_yoy":15.9947124917,
        "eps_qoq":-496.5517241379,
        "eps_yoy":23.6559139785
    },
    {
        "date":"2022-06-30",
        "symbol":"PYPL",
        "reportedCurrency":"USD",
        "cik":"0001633917",
        "filingDate":"2022-08-03",
        "acceptedDate":"2022-08-02 19:32:26",
        "fiscalYear":"2022",
        "period":"Q2",
        "revenue":6806000000,
        "costOfRevenue":3492000000,
        "grossProfit":3314000000,
        "researchAndDevelopmentExpenses":815000000,
        "generalAndAdministrativeExpenses":514000000,
        "sellingAndMarketingExpenses":595000000,
        "sellingGeneralAndAdministrativeExpenses":1109000000,
        "otherExpenses":626000000,
        "operatingExpenses":2550000000,
        "costAndExpenses":6042000000,
        "netInterestIncome":-42000000,
        "interestIncome":27000000,
        "interestExpense":69000000,
        "depreciationAndAmortization":333000000,
        "ebitda":451000000,
        "ebit":118000000,
        "nonOperatingIncomeExcludingInterest":646000000,
        "operatingIncome":764000000,
        "totalOtherIncomeExpensesNet":-715000000,
        "incomeBeforeTax":49000000,
        "incomeTaxExpense":390000000,
        "netIncomeFromContinuingOperations":-341000000,
        "netIncomeFromDiscontinuedOperations":0,
        "otherAdjustmentsToNetIncome":0,
        "netIncome":-341000000,
        "netIncomeDeductions":0,
        "bottomLineNetIncome":-341000000,
        "eps":-0.29,
        "epsDiluted":-0.29,
        "weightedAverageShsOut":1158000000,
        "weightedAverageShsOutDil":1158000000,
        "symbol_1":"PYPL",
        "reportedCurrency_1":"USD",
        "cik_1":"0001633917",
        "filingDate_1":"2022-08-03",
        "acceptedDate_1":"2022-08-02 19:32:26",
        "fiscalYear_1":"2022",
        "period_1":"Q2",
        "netIncome_1":-341000000,
        "depreciationAndAmortization_1":333000000,
        "deferredIncomeTax":-441000000,
        "stockBasedCompensation":312000000,
        "changeInWorkingCapital":37000000,
        "accountsReceivables":-17000000,
        "inventory":0,
        "accountsPayables":2000000,
        "otherWorkingCapital":52000000,
        "otherNonCashItems":1350000000,
        "netCashProvidedByOperatingActivities":1250000000,
        "investmentsInPropertyPlantAndEquipment":-175000000,
        "acquisitionsNet":0,
        "purchasesOfInvestments":-4547000000,
        "salesMaturitiesOfInvestments":2336000000,
        "otherInvestingActivities":-1524000000,
        "netCashProvidedByInvestingActivities":-3910000000,
        "netDebtIssuance":1420000000,
        "longTermNetDebtIssuance":1420000000,
        "shortTermNetDebtIssuance":0,
        "netStockIssuance":-667000000,
        "netCommonStockIssuance":-667000000,
        "commonStockIssuance":83000000,
        "commonStockRepurchased":-750000000,
        "netPreferredStockIssuance":0,
        "netDividendsPaid":0,
        "commonDividendsPaid":0,
        "preferredDividendsPaid":0,
        "otherFinancingActivities":902000000,
        "netCashProvidedByFinancingActivities":1655000000,
        "effectOfForexChangesOnCash":-154000000,
        "netChangeInCash":-1159000000,
        "cashAtEndOfPeriod":16684000000,
        "cashAtBeginningOfPeriod":17843000000,
        "operatingCashFlow":1250000000,
        "capitalExpenditure":-175000000,
        "freeCashFlow":1075000000,
        "incomeTaxesPaid":0,
        "interestPaid":0,
        "symbol_2":"PYPL",
        "stockPrice":69.84,
        "numberOfShares":1158000000,
        "marketCapitalization":80874720000,
        "minusCashAndCashEquivalents":4583000000,
        "addTotalDebt":10616000000,
        "enterpriseValue":86907720000,
        "revenue_qoq":4.9822612988,
        "revenue_yoy":9.1054825265,
        "netIncome_qoq":-166.9941060904,
        "netIncome_yoy":-128.8006756757,
        "operatingCashFlow_qoq":2.7115858669,
        "operatingCashFlow_yoy":-4.2879019908,
        "eps_qoq":-165.9090909091,
        "eps_yoy":-128.7128712871
    },
    {
        "date":"2022-03-31",
        "symbol":"PYPL",
        "reportedCurrency":"USD",
        "cik":"0001633917",
        "filingDate":"2022-04-28",
        "acceptedDate":"2022-04-28 16:49:04",
        "fiscalYear":"2022",
        "period":"Q1",
        "revenue":6483000000,
        "costOfRevenue":3186000000,
        "grossProfit":3297000000,
        "researchAndDevelopmentExpenses":815000000,
        "generalAndAdministrativeExpenses":607000000,
        "sellingAndMarketingExpenses":594000000,
        "sellingGeneralAndAdministrativeExpenses":1201000000,
        "otherExpenses":570000000,
        "operatingExpenses":2586000000,
        "costAndExpenses":5772000000,
        "netInterestIncome":-44000000,
        "interestIncome":15000000,
        "interestExpense":59000000,
        "depreciationAndAmortization":328000000,
        "ebitda":1016000000,
        "ebit":688000000,
        "nonOperatingIncomeExcludingInterest":23000000,
        "operatingIncome":711000000,
        "totalOtherIncomeExpensesNet":-82000000,
        "incomeBeforeTax":629000000,
        "incomeTaxExpense":120000000,
        "netIncomeFromContinuingOperations":509000000,
        "netIncomeFromDiscontinuedOperations":0,
        "otherAdjustmentsToNetIncome":0,
        "netIncome":509000000,
        "netIncomeDeductions":0,
        "bottomLineNetIncome":509000000,
        "eps":0.44,
        "epsDiluted":0.43,
        "weightedAverageShsOut":1163000000,
        "weightedAverageShsOutDil":1172000000,
        "symbol_1":"PYPL",
        "reportedCurrency_1":"USD",
        "cik_1":"0001633917",
        "filingDate_1":"2022-04-28",
        "acceptedDate_1":"2022-04-28 16:49:04",
        "fiscalYear_1":"2022",
        "period_1":"Q1",
        "netIncome_1":509000000,
        "depreciationAndAmortization_1":328000000,
        "deferredIncomeTax":-16000000,
        "stockBasedCompensation":429000000,
        "changeInWorkingCapital":-453000000,
        "accountsReceivables":-50000000,
        "inventory":0,
        "accountsPayables":-29000000,
        "otherWorkingCapital":-374000000,
        "otherNonCashItems":420000000,
        "netCashProvidedByOperatingActivities":1217000000,
        "investmentsInPropertyPlantAndEquipment":-191000000,
        "acquisitionsNet":0,
        "purchasesOfInvestments":-8604000000,
        "salesMaturitiesOfInvestments":8751000000,
        "otherInvestingActivities":-708000000,
        "netCashProvidedByInvestingActivities":-752000000,
        "netDebtIssuance":182000000,
        "longTermNetDebtIssuance":182000000,
        "shortTermNetDebtIssuance":0,
        "netStockIssuance":-1497000000,
        "netCommonStockIssuance":-1497000000,
        "commonStockIssuance":3000000,
        "commonStockRepurchased":-1500000000,
        "netPreferredStockIssuance":0,
        "netDividendsPaid":0,
        "commonDividendsPaid":0,
        "preferredDividendsPaid":0,
        "otherFinancingActivities":646000000,
        "netCashProvidedByFinancingActivities":-669000000,
        "effectOfForexChangesOnCash":18000000,
        "netChangeInCash":-186000000,
        "cashAtEndOfPeriod":17843000000,
        "cashAtBeginningOfPeriod":18029000000,
        "operatingCashFlow":1217000000,
        "capitalExpenditure":-191000000,
        "freeCashFlow":1026000000,
        "incomeTaxesPaid":47000000,
        "interestPaid":12000000,
        "symbol_2":"PYPL",
        "stockPrice":115.65,
        "numberOfShares":1163000000,
        "marketCapitalization":134500950000,
        "minusCashAndCashEquivalents":4861000000,
        "addTotalDebt":9221000000,
        "enterpriseValue":138860950000,
        "revenue_qoq":-6.2879444926,
        "revenue_yoy":7.458975634,
        "netIncome_qoq":-36.45443196,
        "netIncome_yoy":-53.6007292616,
        "operatingCashFlow_qoq":-30.9699376064,
        "operatingCashFlow_yoy":-30.7736063709,
        "eps_qoq":-35.2941176471,
        "eps_yoy":-53.1914893617
    },
    {
        "date":"2021-12-31",
        "symbol":"PYPL",
        "reportedCurrency":"USD",
        "cik":"0001633917",
        "filingDate":"2022-02-03",
        "acceptedDate":"2022-02-03 16:55:53",
        "fiscalYear":"2021",
        "period":"Q4",
        "revenue":6918000000,
        "costOfRevenue":3302000000,
        "grossProfit":3616000000,
        "researchAndDevelopmentExpenses":796000000,
        "generalAndAdministrativeExpenses":570000000,
        "sellingAndMarketingExpenses":666000000,
        "sellingGeneralAndAdministrativeExpenses":1236000000,
        "otherExpenses":534000000,
        "operatingExpenses":2566000000,
        "costAndExpenses":5868000000,
        "netInterestIncome":-45000000,
        "interestIncome":14000000,
        "interestExpense":59000000,
        "depreciationAndAmortization":326000000,
        "ebitda":1091000000,
        "ebit":765000000,
        "nonOperatingIncomeExcludingInterest":285000000,
        "operatingIncome":1050000000,
        "totalOtherIncomeExpensesNet":-344000000,
        "incomeBeforeTax":706000000,
        "incomeTaxExpense":-95000000,
        "netIncomeFromContinuingOperations":801000000,
        "netIncomeFromDiscontinuedOperations":0,
        "otherAdjustmentsToNetIncome":0,
        "netIncome":801000000,
        "netIncomeDeductions":0,
        "bottomLineNetIncome":801000000,
        "eps":0.68,
        "epsDiluted":0.67,
        "weightedAverageShsOut":1174000000,
        "weightedAverageShsOutDil":1187000000,
        "symbol_1":"PYPL",
        "reportedCurrency_1":"USD",
        "cik_1":"0001633917",
        "filingDate_1":"2022-02-03",
        "acceptedDate_1":"2022-02-03 16:55:53",
        "fiscalYear_1":"2021",
        "period_1":"Q4",
        "netIncome_1":801000000,
        "depreciationAndAmortization_1":326000000,
        "deferredIncomeTax":-307000000,
        "stockBasedCompensation":318000000,
        "changeInWorkingCapital":-23000000,
        "accountsReceivables":-67000000,
        "inventory":0,
        "accountsPayables":19000000,
        "otherWorkingCapital":25000000,
        "otherNonCashItems":648000000,
        "netCashProvidedByOperatingActivities":1763000000,
        "investmentsInPropertyPlantAndEquipment":-213000000,
        "acquisitionsNet":-2294000000,
        "purchasesOfInvestments":-9211000000,
        "salesMaturitiesOfInvestments":9308000000,
        "otherInvestingActivities":-719000000,
        "netCashProvidedByInvestingActivities":-3129000000,
        "netDebtIssuance":-89000000,
        "longTermNetDebtIssuance":-89000000,
        "shortTermNetDebtIssuance":0,
        "netStockIssuance":-1428000000,
        "netCommonStockIssuance":-1428000000,
        "commonStockIssuance":72000000,
        "commonStockRepurchased":-1500000000,
        "netPreferredStockIssuance":0,
        "netDividendsPaid":0,
        "commonDividendsPaid":0,
        "preferredDividendsPaid":0,
        "otherFinancingActivities":939000000,
        "netCashProvidedByFinancingActivities":-578000000,
        "effectOfForexChangesOnCash":4000000,
        "netChangeInCash":-1940000000,
        "cashAtEndOfPeriod":18029000000,
        "cashAtBeginningOfPeriod":19969000000,
        "operatingCashFlow":1763000000,
        "capitalExpenditure":-213000000,
        "freeCashFlow":1550000000,
        "incomeTaxesPaid":38000000,
        "interestPaid":110000000,
        "symbol_2":"PYPL",
        "stockPrice":188.58,
        "numberOfShares":1174000000,
        "marketCapitalization":221392920000,
        "minusCashAndCashEquivalents":5197000000,
        "addTotalDebt":9048000000,
        "enterpriseValue":225243920000,
        "revenue_qoq":11.9055321902,
        "revenue_yoy":13.113145847,
        "netIncome_qoq":-26.3109475621,
        "netIncome_yoy":-48.8832163369,
        "operatingCashFlow_qoq":16.5234633179,
        "operatingCashFlow_yoy":41.3793103448,
        "eps_qoq":-26.8817204301,
        "eps_yoy":-49.2537313433
    },
    {
        "date":"2021-09-30",
        "symbol":"PYPL",
        "reportedCurrency":"USD",
        "cik":"0001633917",
        "filingDate":"2021-11-09",
        "acceptedDate":"2021-11-08 19:24:41",
        "fiscalYear":"2021",
        "period":"Q3",
        "revenue":6182000000,
        "costOfRevenue":2832000000,
        "grossProfit":3350000000,
        "researchAndDevelopmentExpenses":755000000,
        "generalAndAdministrativeExpenses":498000000,
        "sellingAndMarketingExpenses":549000000,
        "sellingGeneralAndAdministrativeExpenses":1047000000,
        "otherExpenses":505000000,
        "operatingExpenses":2307000000,
        "costAndExpenses":5139000000,
        "netInterestIncome":-43000000,
        "interestIncome":15000000,
        "interestExpense":58000000,
        "depreciationAndAmortization":323000000,
        "ebitda":1546000000,
        "ebit":1223000000,
        "nonOperatingIncomeExcludingInterest":-180000000,
        "operatingIncome":1043000000,
        "totalOtherIncomeExpensesNet":122000000,
        "incomeBeforeTax":1165000000,
        "incomeTaxExpense":78000000,
        "netIncomeFromContinuingOperations":1087000000,
        "netIncomeFromDiscontinuedOperations":0,
        "otherAdjustmentsToNetIncome":0,
        "netIncome":1087000000,
        "netIncomeDeductions":0,
        "bottomLineNetIncome":1087000000,
        "eps":0.93,
        "epsDiluted":0.92,
        "weightedAverageShsOut":1174000000,
        "weightedAverageShsOutDil":1187000000,
        "symbol_1":"PYPL",
        "reportedCurrency_1":"USD",
        "cik_1":"0001633917",
        "filingDate_1":"2021-11-09",
        "acceptedDate_1":"2021-11-08 19:24:41",
        "fiscalYear_1":"2021",
        "period_1":"Q3",
        "netIncome_1":1087000000,
        "depreciationAndAmortization_1":323000000,
        "deferredIncomeTax":-72000000,
        "stockBasedCompensation":300000000,
        "changeInWorkingCapital":-235000000,
        "accountsReceivables":-43000000,
        "inventory":0,
        "accountsPayables":-91000000,
        "otherWorkingCapital":-101000000,
        "otherNonCashItems":110000000,
        "netCashProvidedByOperatingActivities":1513000000,
        "investmentsInPropertyPlantAndEquipment":-227000000,
        "acquisitionsNet":0,
        "purchasesOfInvestments":-10665000000,
        "salesMaturitiesOfInvestments":11707000000,
        "otherInvestingActivities":-489000000,
        "netCashProvidedByInvestingActivities":326000000,
        "netDebtIssuance":0,
        "longTermNetDebtIssuance":0,
        "shortTermNetDebtIssuance":0,
        "netStockIssuance":-349000000,
        "netCommonStockIssuance":-349000000,
        "commonStockIssuance":1000000,
        "commonStockRepurchased":-350000000,
        "netPreferredStockIssuance":0,
        "netDividendsPaid":0,
        "commonDividendsPaid":0,
        "preferredDividendsPaid":0,
        "otherFinancingActivities":-467000000,
        "netCashProvidedByFinancingActivities":-816000000,
        "effectOfForexChangesOnCash":-72000000,
        "netChangeInCash":951000000,
        "cashAtEndOfPeriod":19969000000,
        "cashAtBeginningOfPeriod":19018000000,
        "operatingCashFlow":1513000000,
        "capitalExpenditure":-227000000,
        "freeCashFlow":1286000000,
        "incomeTaxesPaid":56000000,
        "interestPaid":12000000,
        "symbol_2":"PYPL",
        "stockPrice":260.21,
        "numberOfShares":1174000000,
        "marketCapitalization":305486540000,
        "minusCashAndCashEquivalents":7782000000,
        "addTotalDebt":8947000000,
        "enterpriseValue":306651540000,
        "revenue_qoq":-0.8977236294,
        "revenue_yoy":null,
        "netIncome_qoq":-8.1925675676,
        "netIncome_yoy":null,
        "operatingCashFlow_qoq":15.8499234303,
        "operatingCashFlow_yoy":null,
        "eps_qoq":-7.9207920792,
        "eps_yoy":null
    },
    {
        "date":"2021-06-30",
        "symbol":"PYPL",
        "reportedCurrency":"USD",
        "cik":"0001633917",
        "filingDate":"2021-07-29",
        "acceptedDate":"2021-07-29 16:40:05",
        "fiscalYear":"2021",
        "period":"Q2",
        "revenue":6238000000,
        "costOfRevenue":2693000000,
        "grossProfit":3545000000,
        "researchAndDevelopmentExpenses":746000000,
        "generalAndAdministrativeExpenses":522000000,
        "sellingAndMarketingExpenses":628000000,
        "sellingGeneralAndAdministrativeExpenses":1150000000,
        "otherExpenses":522000000,
        "operatingExpenses":2418000000,
        "costAndExpenses":5111000000,
        "netInterestIncome":-44000000,
        "interestIncome":13000000,
        "interestExpense":57000000,
        "depreciationAndAmortization":316000000,
        "ebitda":1729000000,
        "ebit":1413000000,
        "nonOperatingIncomeExcludingInterest":-286000000,
        "operatingIncome":1127000000,
        "totalOtherIncomeExpensesNet":229000000,
        "incomeBeforeTax":1356000000,
        "incomeTaxExpense":172000000,
        "netIncomeFromContinuingOperations":1184000000,
        "netIncomeFromDiscontinuedOperations":0,
        "otherAdjustmentsToNetIncome":0,
        "netIncome":1184000000,
        "netIncomeDeductions":0,
        "bottomLineNetIncome":1184000000,
        "eps":1.01,
        "epsDiluted":1.0,
        "weightedAverageShsOut":1174000000,
        "weightedAverageShsOutDil":1186000000,
        "symbol_1":"PYPL",
        "reportedCurrency_1":"USD",
        "cik_1":"0001633917",
        "filingDate_1":"2021-07-29",
        "acceptedDate_1":"2021-07-29 16:40:05",
        "fiscalYear_1":"2021",
        "period_1":"Q2",
        "netIncome_1":1184000000,
        "depreciationAndAmortization_1":316000000,
        "deferredIncomeTax":-103000000,
        "stockBasedCompensation":390000000,
        "changeInWorkingCapital":-393000000,
        "accountsReceivables":-15000000,
        "inventory":0,
        "accountsPayables":75000000,
        "otherWorkingCapital":-453000000,
        "otherNonCashItems":-88000000,
        "netCashProvidedByOperatingActivities":1306000000,
        "investmentsInPropertyPlantAndEquipment":-247000000,
        "acquisitionsNet":-469000000,
        "purchasesOfInvestments":-9265000000,
        "salesMaturitiesOfInvestments":8965000000,
        "otherInvestingActivities":-83000000,
        "netCashProvidedByInvestingActivities":-1099000000,
        "netDebtIssuance":0,
        "longTermNetDebtIssuance":0,
        "shortTermNetDebtIssuance":0,
        "netStockIssuance":-113000000,
        "netCommonStockIssuance":-113000000,
        "commonStockIssuance":87000000,
        "commonStockRepurchased":-200000000,
        "netPreferredStockIssuance":0,
        "netDividendsPaid":0,
        "commonDividendsPaid":0,
        "preferredDividendsPaid":0,
        "otherFinancingActivities":-84000000,
        "netCashProvidedByFinancingActivities":-197000000,
        "effectOfForexChangesOnCash":8000000,
        "netChangeInCash":18000000,
        "cashAtEndOfPeriod":19018000000,
        "cashAtBeginningOfPeriod":19000000000,
        "operatingCashFlow":1306000000,
        "capitalExpenditure":-247000000,
        "freeCashFlow":1059000000,
        "incomeTaxesPaid":293000000,
        "interestPaid":97000000,
        "symbol_2":"PYPL",
        "stockPrice":291.48,
        "numberOfShares":1174000000,
        "marketCapitalization":342197520000,
        "minusCashAndCashEquivalents":5745000000,
        "addTotalDebt":8945000000,
        "enterpriseValue":345397520000,
        "revenue_qoq":3.3979777888,
        "revenue_yoy":null,
        "netIncome_qoq":7.9307201459,
        "netIncome_yoy":null,
        "operatingCashFlow_qoq":-25.7110352673,
        "operatingCashFlow_yoy":null,
        "eps_qoq":7.4468085106,
        "eps_yoy":null
    },
    {
        "date":"2021-03-31",
        "symbol":"PYPL",
        "reportedCurrency":"USD",
        "cik":"0001633917",
        "filingDate":"2021-05-06",
        "acceptedDate":"2021-05-05 18:59:31",
        "fiscalYear":"2021",
        "period":"Q1",
        "revenue":6033000000,
        "costOfRevenue":2548000000,
        "grossProfit":3485000000,
        "researchAndDevelopmentExpenses":741000000,
        "generalAndAdministrativeExpenses":524000000,
        "sellingAndMarketingExpenses":602000000,
        "sellingGeneralAndAdministrativeExpenses":1126000000,
        "otherExpenses":576000000,
        "operatingExpenses":2443000000,
        "costAndExpenses":4991000000,
        "netInterestIncome":-43000000,
        "interestIncome":15000000,
        "interestExpense":58000000,
        "depreciationAndAmortization":300000000,
        "ebitda":1230000000,
        "ebit":930000000,
        "nonOperatingIncomeExcludingInterest":112000000,
        "operatingIncome":1042000000,
        "totalOtherIncomeExpensesNet":-170000000,
        "incomeBeforeTax":872000000,
        "incomeTaxExpense":-225000000,
        "netIncomeFromContinuingOperations":1097000000,
        "netIncomeFromDiscontinuedOperations":0,
        "otherAdjustmentsToNetIncome":0,
        "netIncome":1097000000,
        "netIncomeDeductions":0,
        "bottomLineNetIncome":1097000000,
        "eps":0.94,
        "epsDiluted":0.92,
        "weightedAverageShsOut":1173000000,
        "weightedAverageShsOutDil":1190000000,
        "symbol_1":"PYPL",
        "reportedCurrency_1":"USD",
        "cik_1":"0001633917",
        "filingDate_1":"2021-05-06",
        "acceptedDate_1":"2021-05-05 18:59:31",
        "fiscalYear_1":"2021",
        "period_1":"Q1",
        "netIncome_1":1097000000,
        "depreciationAndAmortization_1":300000000,
        "deferredIncomeTax":0,
        "stockBasedCompensation":368000000,
        "changeInWorkingCapital":-451000000,
        "accountsReceivables":-97000000,
        "inventory":0,
        "accountsPayables":-34000000,
        "otherWorkingCapital":-320000000,
        "otherNonCashItems":444000000,
        "netCashProvidedByOperatingActivities":1758000000,
        "investmentsInPropertyPlantAndEquipment":-221000000,
        "acquisitionsNet":0,
        "purchasesOfInvestments":-10975000000,
        "salesMaturitiesOfInvestments":9718000000,
        "otherInvestingActivities":-105000000,
        "netCashProvidedByInvestingActivities":-1583000000,
        "netDebtIssuance":0,
        "longTermNetDebtIssuance":0,
        "shortTermNetDebtIssuance":0,
        "netStockIssuance":-1321000000,
        "netCommonStockIssuance":-1321000000,
        "commonStockIssuance":2000000,
        "commonStockRepurchased":-1323000000,
        "netPreferredStockIssuance":0,
        "netDividendsPaid":0,
        "commonDividendsPaid":0,
        "preferredDividendsPaid":0,
        "otherFinancingActivities":2148000000,
        "netCashProvidedByFinancingActivities":827000000,
        "effectOfForexChangesOnCash":-42000000,
        "netChangeInCash":960000000,
        "cashAtEndOfPeriod":19000000000,
        "cashAtBeginningOfPeriod":18040000000,
        "operatingCashFlow":1758000000,
        "capitalExpenditure":-221000000,
        "freeCashFlow":1537000000,
        "incomeTaxesPaid":87000000,
        "interestPaid":12000000,
        "symbol_2":"PYPL",
        "stockPrice":242.84,
        "numberOfShares":1173000000,
        "marketCapitalization":284851320000,
        "minusCashAndCashEquivalents":5717000000,
        "addTotalDebt":8942000000,
        "enterpriseValue":288076320000,
        "revenue_qoq":-1.3570961413,
        "revenue_yoy":null,
        "netIncome_qoq":-29.9936183791,
        "netIncome_yoy":null,
        "operatingCashFlow_qoq":40.9783480353,
        "operatingCashFlow_yoy":null,
        "eps_qoq":-29.8507462687,
        "eps_yoy":null
    },
    {
        "date":"2020-12-31",
        "symbol":"PYPL",
        "reportedCurrency":"USD",
        "cik":"0001633917",
        "filingDate":"2021-02-05",
        "acceptedDate":"2021-02-04 19:30:14",
        "fiscalYear":"2020",
        "period":"Q4",
        "revenue":6116000000,
        "costOfRevenue":2696000000,
        "grossProfit":3420000000,
        "researchAndDevelopmentExpenses":732000000,
        "generalAndAdministrativeExpenses":569000000,
        "sellingAndMarketingExpenses":605000000,
        "sellingGeneralAndAdministrativeExpenses":1174000000,
        "otherExpenses":551000000,
        "operatingExpenses":2457000000,
        "costAndExpenses":5153000000,
        "netInterestIncome":-43000000,
        "interestIncome":16000000,
        "interestExpense":59000000,
        "depreciationAndAmortization":301000000,
        "ebitda":2219000000,
        "ebit":1918000000,
        "nonOperatingIncomeExcludingInterest":-955000000,
        "operatingIncome":963000000,
        "totalOtherIncomeExpensesNet":896000000,
        "incomeBeforeTax":1859000000,
        "incomeTaxExpense":292000000,
        "netIncomeFromContinuingOperations":1567000000,
        "netIncomeFromDiscontinuedOperations":0,
        "otherAdjustmentsToNetIncome":0,
        "netIncome":1567000000,
        "netIncomeDeductions":0,
        "bottomLineNetIncome":1567000000,
        "eps":1.34,
        "epsDiluted":1.34,
        "weightedAverageShsOut":1172000000,
        "weightedAverageShsOutDil":1172000000,
        "symbol_1":"PYPL",
        "reportedCurrency_1":"USD",
        "cik_1":"0001633917",
        "filingDate_1":"2021-02-05",
        "acceptedDate_1":"2021-02-04 19:30:14",
        "fiscalYear_1":"2020",
        "period_1":"Q4",
        "netIncome_1":1567000000,
        "depreciationAndAmortization_1":301000000,
        "deferredIncomeTax":171000000,
        "stockBasedCompensation":377000000,
        "changeInWorkingCapital":-631000000,
        "accountsReceivables":-107000000,
        "inventory":0,
        "accountsPayables":89000000,
        "otherWorkingCapital":-613000000,
        "otherNonCashItems":-538000000,
        "netCashProvidedByOperatingActivities":1247000000,
        "investmentsInPropertyPlantAndEquipment":-226000000,
        "acquisitionsNet":0,
        "purchasesOfInvestments":-13180000000,
        "salesMaturitiesOfInvestments":11175000000,
        "otherInvestingActivities":-721000000,
        "netCashProvidedByInvestingActivities":-2952000000,
        "netDebtIssuance":0,
        "longTermNetDebtIssuance":0,
        "shortTermNetDebtIssuance":0,
        "netStockIssuance":-200000000,
        "netCommonStockIssuance":-200000000,
        "commonStockIssuance":65000000,
        "commonStockRepurchased":-265000000,
        "netPreferredStockIssuance":0,
        "netDividendsPaid":0,
        "commonDividendsPaid":0,
        "preferredDividendsPaid":0,
        "otherFinancingActivities":2680000000,
        "netCashProvidedByFinancingActivities":2480000000,
        "effectOfForexChangesOnCash":143000000,
        "netChangeInCash":918000000,
        "cashAtEndOfPeriod":18040000000,
        "cashAtBeginningOfPeriod":17122000000,
        "operatingCashFlow":1247000000,
        "capitalExpenditure":-226000000,
        "freeCashFlow":1021000000,
        "incomeTaxesPaid":121000000,
        "interestPaid":99000000,
        "symbol_2":"PYPL",
        "stockPrice":234.2,
        "numberOfShares":1172000000,
        "marketCapitalization":274482400000,
        "minusCashAndCashEquivalents":4794000000,
        "addTotalDebt":8939000000,
        "enterpriseValue":278627400000,
        "revenue_qoq":null,
        "revenue_yoy":null,
        "netIncome_qoq":null,
        "netIncome_yoy":null,
        "operatingCashFlow_qoq":null,
        "operatingCashFlow_yoy":null,
        "eps_qoq":null,
        "eps_yoy":null
    }
]