[
    {
        "date":"2025-09-28",
        "symbol":"SBUX",
        "reportedCurrency":"USD",
        "cik":"0000829224",
        "filingDate":"2025-11-14",
        "acceptedDate":"2025-11-14 16:08:41",
        "fiscalYear":"2025",
        "period":"Q4",
        "revenue":9569000000,
        "costOfRevenue":7357400000,
        "grossProfit":2211600000,
        "researchAndDevelopmentExpenses":0,
        "generalAndAdministrativeExpenses":642000000,
        "sellingAndMarketingExpenses":0,
        "sellingGeneralAndAdministrativeExpenses":642000000,
        "otherExpenses":621600000,
        "operatingExpenses":1263600000,
        "costAndExpenses":8621000000,
        "netInterestIncome":-114300000,
        "interestIncome":31500000,
        "interestExpense":145800000,
        "depreciationAndAmortization":430800000,
        "ebitda":1410300000,
        "ebit":979500000,
        "nonOperatingIncomeExcludingInterest":-31500000,
        "operatingIncome":948000000,
        "totalOtherIncomeExpensesNet":-114300000,
        "incomeBeforeTax":833700000,
        "incomeTaxExpense":700600000,
        "netIncomeFromContinuingOperations":133100000,
        "netIncomeFromDiscontinuedOperations":0,
        "otherAdjustmentsToNetIncome":0,
        "netIncome":133100000,
        "netIncomeDeductions":0,
        "bottomLineNetIncome":133100000,
        "eps":0.12,
        "epsDiluted":0.12,
        "weightedAverageShsOut":1140900000,
        "weightedAverageShsOutDil":1140900000,
        "symbol_1":"SBUX",
        "reportedCurrency_1":"USD",
        "cik_1":"0000829224",
        "filingDate_1":"2025-11-14",
        "acceptedDate_1":"2025-11-14 16:08:41",
        "fiscalYear_1":"2025",
        "period_1":"Q4",
        "netIncome_1":133100000,
        "depreciationAndAmortization_1":430800000,
        "deferredIncomeTax":-138700000,
        "stockBasedCompensation":0,
        "changeInWorkingCapital":-267300000,
        "accountsReceivables":-43300000,
        "inventory":69200000,
        "accountsPayables":-30100000,
        "otherWorkingCapital":-263100000,
        "otherNonCashItems":1223900000,
        "netCashProvidedByOperatingActivities":1381800000,
        "investmentsInPropertyPlantAndEquipment":-456000000,
        "acquisitionsNet":0,
        "purchasesOfInvestments":-35400000,
        "salesMaturitiesOfInvestments":114900000,
        "otherInvestingActivities":-14000000,
        "netCashProvidedByInvestingActivities":-390500000,
        "netDebtIssuance":-1250000000,
        "longTermNetDebtIssuance":-1250000000,
        "shortTermNetDebtIssuance":0,
        "netStockIssuance":17400000,
        "netCommonStockIssuance":17400000,
        "commonStockIssuance":17400000,
        "commonStockRepurchased":0,
        "netPreferredStockIssuance":0,
        "netDividendsPaid":-693300000,
        "commonDividendsPaid":-693300000,
        "preferredDividendsPaid":0,
        "otherFinancingActivities":-6900000,
        "netCashProvidedByFinancingActivities":-1932800000,
        "effectOfForexChangesOnCash":-11300000,
        "netChangeInCash":-952800000,
        "cashAtEndOfPeriod":3219800000,
        "cashAtBeginningOfPeriod":4172600000,
        "operatingCashFlow":1381800000,
        "capitalExpenditure":-456000000,
        "freeCashFlow":925800000,
        "incomeTaxesPaid":0,
        "interestPaid":0,
        "symbol_2":"SBUX",
        "stockPrice":85.64,
        "numberOfShares":1140900000,
        "marketCapitalization":97706676000,
        "minusCashAndCashEquivalents":3219800000,
        "addTotalDebt":26611500000,
        "enterpriseValue":121098376000,
        "revenue_qoq":1.1950084602,
        "revenue_yoy":5.4563087537,
        "netIncome_qoq":-76.1597707326,
        "netIncome_yoy":-85.3607567092,
        "operatingCashFlow_qoq":37.9454926625,
        "operatingCashFlow_yoy":-10.0156290701,
        "eps_qoq":-75.5102040816,
        "eps_yoy":-85.0
    },
    {
        "date":"2025-06-29",
        "symbol":"SBUX",
        "reportedCurrency":"USD",
        "cik":"0000829224",
        "filingDate":"2025-07-29",
        "acceptedDate":"2025-07-29 16:11:03",
        "fiscalYear":"2025",
        "period":"Q3",
        "revenue":9456000000,
        "costOfRevenue":7300300000,
        "grossProfit":2155700000,
        "researchAndDevelopmentExpenses":0,
        "generalAndAdministrativeExpenses":677200000,
        "sellingAndMarketingExpenses":0,
        "sellingGeneralAndAdministrativeExpenses":677200000,
        "otherExpenses":542900000,
        "operatingExpenses":1220100000,
        "costAndExpenses":8520400000,
        "netInterestIncome":-116700000,
        "interestIncome":25600000,
        "interestExpense":142300000,
        "depreciationAndAmortization":448000000,
        "ebitda":1409200000,
        "ebit":961200000,
        "nonOperatingIncomeExcludingInterest":-25600000,
        "operatingIncome":935600000,
        "totalOtherIncomeExpensesNet":-116700000,
        "incomeBeforeTax":818900000,
        "incomeTaxExpense":260400000,
        "netIncomeFromContinuingOperations":558500000,
        "netIncomeFromDiscontinuedOperations":0,
        "otherAdjustmentsToNetIncome":0,
        "netIncome":558300000,
        "netIncomeDeductions":0,
        "bottomLineNetIncome":558300000,
        "eps":0.49,
        "epsDiluted":0.49,
        "weightedAverageShsOut":1136400000,
        "weightedAverageShsOutDil":1139800000,
        "symbol_1":"SBUX",
        "reportedCurrency_1":"USD",
        "cik_1":"0000829224",
        "filingDate_1":"2025-07-29",
        "acceptedDate_1":"2025-07-29 16:11:03",
        "fiscalYear_1":"2025",
        "period_1":"Q3",
        "netIncome_1":558400000,
        "depreciationAndAmortization_1":448000000,
        "deferredIncomeTax":60500000,
        "stockBasedCompensation":66000000,
        "changeInWorkingCapital":-477200000,
        "accountsReceivables":-63400000,
        "inventory":-196600000,
        "accountsPayables":-48300000,
        "otherWorkingCapital":-168900000,
        "otherNonCashItems":346000000,
        "netCashProvidedByOperatingActivities":1001700000,
        "investmentsInPropertyPlantAndEquipment":-567400000,
        "acquisitionsNet":0,
        "purchasesOfInvestments":-128800000,
        "salesMaturitiesOfInvestments":137000000,
        "otherInvestingActivities":-36500000,
        "netCashProvidedByInvestingActivities":-595700000,
        "netDebtIssuance":1747400000,
        "longTermNetDebtIssuance":1748500000,
        "shortTermNetDebtIssuance":-1100000,
        "netStockIssuance":15200000,
        "netCommonStockIssuance":15200000,
        "commonStockIssuance":15200000,
        "commonStockRepurchased":0,
        "netPreferredStockIssuance":0,
        "netDividendsPaid":-693200000,
        "commonDividendsPaid":-693200000,
        "preferredDividendsPaid":0,
        "otherFinancingActivities":-13300000,
        "netCashProvidedByFinancingActivities":1056100000,
        "effectOfForexChangesOnCash":39100000,
        "netChangeInCash":1501200000,
        "cashAtEndOfPeriod":4172600000,
        "cashAtBeginningOfPeriod":2671400000,
        "operatingCashFlow":1001700000,
        "capitalExpenditure":-567400000,
        "freeCashFlow":434300000,
        "incomeTaxesPaid":108900000,
        "interestPaid":98300000,
        "symbol_2":"SBUX",
        "stockPrice":91.63,
        "numberOfShares":1136400000,
        "marketCapitalization":104128332000,
        "minusCashAndCashEquivalents":4172600000,
        "addTotalDebt":27886100000,
        "enterpriseValue":127841832000,
        "revenue_qoq":7.9254930606,
        "revenue_yoy":3.7536071276,
        "netIncome_qoq":45.3149401353,
        "netIncome_yoy":-47.0705346985,
        "operatingCashFlow_qoq":243.0479452055,
        "operatingCashFlow_yoy":-40.0215555955,
        "eps_qoq":44.1176470588,
        "eps_yoy":-47.311827957
    },
    {
        "date":"2025-03-30",
        "symbol":"SBUX",
        "reportedCurrency":"USD",
        "cik":"0000829224",
        "filingDate":"2025-04-29",
        "acceptedDate":"2025-04-29 16:10:33",
        "fiscalYear":"2025",
        "period":"Q2",
        "revenue":8761600000,
        "costOfRevenue":6913600000,
        "grossProfit":1848000000,
        "researchAndDevelopmentExpenses":0,
        "generalAndAdministrativeExpenses":632300000,
        "sellingAndMarketingExpenses":0,
        "sellingGeneralAndAdministrativeExpenses":632300000,
        "otherExpenses":614700000,
        "operatingExpenses":1247000000,
        "costAndExpenses":8160600000,
        "netInterestIncome":-98900000,
        "interestIncome":28400000,
        "interestExpense":127300000,
        "depreciationAndAmortization":435300000,
        "ebitda":1064700000,
        "ebit":629400000,
        "nonOperatingIncomeExcludingInterest":-28400000,
        "operatingIncome":601000000,
        "totalOtherIncomeExpensesNet":-98900000,
        "incomeBeforeTax":502100000,
        "incomeTaxExpense":118000000,
        "netIncomeFromContinuingOperations":384100000,
        "netIncomeFromDiscontinuedOperations":0,
        "otherAdjustmentsToNetIncome":0,
        "netIncome":384200000,
        "netIncomeDeductions":0,
        "bottomLineNetIncome":384200000,
        "eps":0.34,
        "epsDiluted":0.34,
        "weightedAverageShsOut":1136000000,
        "weightedAverageShsOutDil":1140000000,
        "symbol_1":"SBUX",
        "reportedCurrency_1":"USD",
        "cik_1":"0000829224",
        "filingDate_1":"2025-04-29",
        "acceptedDate_1":"2025-04-29 16:10:33",
        "fiscalYear_1":"2025",
        "period_1":"Q2",
        "netIncome_1":384200000,
        "depreciationAndAmortization_1":435300000,
        "deferredIncomeTax":2500000,
        "stockBasedCompensation":77700000,
        "changeInWorkingCapital":-966700000,
        "accountsReceivables":92800000,
        "inventory":-306100000,
        "accountsPayables":109200000,
        "otherWorkingCapital":-862600000,
        "otherNonCashItems":359000000,
        "netCashProvidedByOperatingActivities":292000000,
        "investmentsInPropertyPlantAndEquipment":-589200000,
        "acquisitionsNet":0,
        "purchasesOfInvestments":-103100000,
        "salesMaturitiesOfInvestments":53400000,
        "otherInvestingActivities":-5100000,
        "netCashProvidedByInvestingActivities":-644000000,
        "netDebtIssuance":1100000,
        "longTermNetDebtIssuance":0,
        "shortTermNetDebtIssuance":1100000,
        "netStockIssuance":27300000,
        "netCommonStockIssuance":27300000,
        "commonStockIssuance":27300000,
        "commonStockRepurchased":0,
        "netPreferredStockIssuance":0,
        "netDividendsPaid":-693000000,
        "commonDividendsPaid":-693000000,
        "preferredDividendsPaid":0,
        "otherFinancingActivities":-1900000,
        "netCashProvidedByFinancingActivities":-666500000,
        "effectOfForexChangesOnCash":18500000,
        "netChangeInCash":-1000000000,
        "cashAtEndOfPeriod":2671400000,
        "cashAtBeginningOfPeriod":3671400000,
        "operatingCashFlow":292000000,
        "capitalExpenditure":-589200000,
        "freeCashFlow":-297200000,
        "incomeTaxesPaid":337800000,
        "interestPaid":195900000,
        "symbol_2":"SBUX",
        "stockPrice":98.09,
        "numberOfShares":1136000000,
        "marketCapitalization":111430240000,
        "minusCashAndCashEquivalents":2671400000,
        "addTotalDebt":26009500000,
        "enterpriseValue":134768340000,
        "revenue_qoq":-6.7696694971,
        "revenue_yoy":2.3192806259,
        "netIncome_qoq":-50.794057377,
        "netIncome_yoy":-50.2589331952,
        "operatingCashFlow_qoq":-85.9073359073,
        "operatingCashFlow_yoy":-42.2924901186,
        "eps_qoq":-50.7246376812,
        "eps_yoy":-50.0
    },
    {
        "date":"2024-12-29",
        "symbol":"SBUX",
        "reportedCurrency":"USD",
        "cik":"0000829224",
        "filingDate":"2025-01-28",
        "acceptedDate":"2025-01-28 16:11:34",
        "fiscalYear":"2025",
        "period":"Q1",
        "revenue":9397800000,
        "costOfRevenue":7096700000,
        "grossProfit":2301100000,
        "researchAndDevelopmentExpenses":0,
        "generalAndAdministrativeExpenses":665800000,
        "sellingAndMarketingExpenses":0,
        "sellingGeneralAndAdministrativeExpenses":665800000,
        "otherExpenses":513600000,
        "operatingExpenses":1179400000,
        "costAndExpenses":8276100000,
        "netInterestIncome":-99400000,
        "interestIncome":27800000,
        "interestExpense":127200000,
        "depreciationAndAmortization":432200000,
        "ebitda":1581700000,
        "ebit":1149500000,
        "nonOperatingIncomeExcludingInterest":-27800000,
        "operatingIncome":1121700000,
        "totalOtherIncomeExpensesNet":-99400000,
        "incomeBeforeTax":1022300000,
        "incomeTaxExpense":241400000,
        "netIncomeFromContinuingOperations":780900000,
        "netIncomeFromDiscontinuedOperations":0,
        "otherAdjustmentsToNetIncome":-100000,
        "netIncome":780800000,
        "netIncomeDeductions":0,
        "bottomLineNetIncome":780800000,
        "eps":0.69,
        "epsDiluted":0.69,
        "weightedAverageShsOut":1134700000,
        "weightedAverageShsOutDil":1138400000,
        "symbol_1":"SBUX",
        "reportedCurrency_1":"USD",
        "cik_1":"0000829224",
        "filingDate_1":"2025-01-28",
        "acceptedDate_1":"2025-01-28 16:11:34",
        "fiscalYear_1":"2025",
        "period_1":"Q1",
        "netIncome_1":780900000,
        "depreciationAndAmortization_1":432200000,
        "deferredIncomeTax":-14900000,
        "stockBasedCompensation":100600000,
        "changeInWorkingCapital":216800000,
        "accountsReceivables":-75800000,
        "inventory":25100000,
        "accountsPayables":230200000,
        "otherWorkingCapital":37300000,
        "otherNonCashItems":556400000,
        "netCashProvidedByOperatingActivities":2072000000,
        "investmentsInPropertyPlantAndEquipment":-692900000,
        "acquisitionsNet":-177100000,
        "purchasesOfInvestments":-66300000,
        "salesMaturitiesOfInvestments":87600000,
        "otherInvestingActivities":-6500000,
        "netCashProvidedByInvestingActivities":-855200000,
        "netDebtIssuance":-5400000,
        "longTermNetDebtIssuance":0,
        "shortTermNetDebtIssuance":-5400000,
        "netStockIssuance":17100000,
        "netCommonStockIssuance":17100000,
        "commonStockIssuance":17100000,
        "commonStockRepurchased":0,
        "netPreferredStockIssuance":0,
        "netDividendsPaid":-691900000,
        "commonDividendsPaid":-691900000,
        "preferredDividendsPaid":0,
        "otherFinancingActivities":-74600000,
        "netCashProvidedByFinancingActivities":-754800000,
        "effectOfForexChangesOnCash":-76800000,
        "netChangeInCash":385200000,
        "cashAtEndOfPeriod":3671400000,
        "cashAtBeginningOfPeriod":3286200000,
        "operatingCashFlow":2072000000,
        "capitalExpenditure":-692900000,
        "freeCashFlow":1379100000,
        "incomeTaxesPaid":121400000,
        "interestPaid":98300000,
        "symbol_2":"SBUX",
        "stockPrice":90.58,
        "numberOfShares":1134700000,
        "marketCapitalization":102781126000,
        "minusCashAndCashEquivalents":3671400000,
        "addTotalDebt":25871500000,
        "enterpriseValue":124981226000,
        "revenue_qoq":3.5695786817,
        "revenue_yoy":-0.2917679013,
        "netIncome_qoq":-14.1223053234,
        "netIncome_yoy":-23.779773526,
        "operatingCashFlow_qoq":34.9309716072,
        "operatingCashFlow_yoy":-13.0836025001,
        "eps_qoq":-13.75,
        "eps_yoy":-23.3333333333
    },
    {
        "date":"2024-09-30",
        "symbol":"SBUX",
        "reportedCurrency":"USD",
        "cik":"0000829224",
        "filingDate":"2024-11-20",
        "acceptedDate":"2024-11-20 16:08:06",
        "fiscalYear":"2024",
        "period":"Q4",
        "revenue":9073900000,
        "costOfRevenue":6692200000,
        "grossProfit":2381700000,
        "researchAndDevelopmentExpenses":0,
        "generalAndAdministrativeExpenses":644700000,
        "sellingAndMarketingExpenses":0,
        "sellingGeneralAndAdministrativeExpenses":644700000,
        "otherExpenses":430100000,
        "operatingExpenses":1074800000,
        "costAndExpenses":7767000000,
        "netInterestIncome":-113200000,
        "interestIncome":26800000,
        "interestExpense":140000000,
        "depreciationAndAmortization":401400000,
        "ebitda":1735100000,
        "ebit":1333700000,
        "nonOperatingIncomeExcludingInterest":-26800000,
        "operatingIncome":1306900000,
        "totalOtherIncomeExpensesNet":-113200000,
        "incomeBeforeTax":1193700000,
        "incomeTaxExpense":284100000,
        "netIncomeFromContinuingOperations":909600000,
        "netIncomeFromDiscontinuedOperations":0,
        "otherAdjustmentsToNetIncome":0,
        "netIncome":909200000,
        "netIncomeDeductions":0,
        "bottomLineNetIncome":909200000,
        "eps":0.8,
        "epsDiluted":0.8,
        "weightedAverageShsOut":1137300000,
        "weightedAverageShsOutDil":1137300000,
        "symbol_1":"SBUX",
        "reportedCurrency_1":"USD",
        "cik_1":"0000829224",
        "filingDate_1":"2024-11-20",
        "acceptedDate_1":"2024-11-20 16:08:06",
        "fiscalYear_1":"2024",
        "period_1":"Q4",
        "netIncome_1":909300000,
        "depreciationAndAmortization_1":401400000,
        "deferredIncomeTax":-30400000,
        "stockBasedCompensation":71700000,
        "changeInWorkingCapital":-127200000,
        "accountsReceivables":-26300000,
        "inventory":96200000,
        "accountsPayables":-33700000,
        "otherWorkingCapital":-163400000,
        "otherNonCashItems":310800000,
        "netCashProvidedByOperatingActivities":1535600000,
        "investmentsInPropertyPlantAndEquipment":-798200000,
        "acquisitionsNet":0,
        "purchasesOfInvestments":-81900000,
        "salesMaturitiesOfInvestments":46200000,
        "otherInvestingActivities":-15800000,
        "netCashProvidedByInvestingActivities":-849700000,
        "netDebtIssuance":-25000000,
        "longTermNetDebtIssuance":0,
        "shortTermNetDebtIssuance":-25000000,
        "netStockIssuance":28800000,
        "netCommonStockIssuance":28800000,
        "commonStockIssuance":28800000,
        "commonStockRepurchased":0,
        "netPreferredStockIssuance":0,
        "netDividendsPaid":-646000000,
        "commonDividendsPaid":-646000000,
        "preferredDividendsPaid":0,
        "otherFinancingActivities":-2300000,
        "netCashProvidedByFinancingActivities":-644500000,
        "effectOfForexChangesOnCash":65700000,
        "netChangeInCash":107100000,
        "cashAtEndOfPeriod":3286200000,
        "cashAtBeginningOfPeriod":3179100000,
        "operatingCashFlow":1535600000,
        "capitalExpenditure":-798200000,
        "freeCashFlow":737400000,
        "incomeTaxesPaid":293400000,
        "interestPaid":196800000,
        "symbol_2":"SBUX",
        "stockPrice":97.49,
        "numberOfShares":1137300000,
        "marketCapitalization":110875377000,
        "minusCashAndCashEquivalents":3286200000,
        "addTotalDebt":25803100000,
        "enterpriseValue":133392277000,
        "revenue_qoq":-0.4388900471,
        "revenue_yoy":-3.1972774601,
        "netIncome_qoq":-13.8035646568,
        "netIncome_yoy":-25.4326252768,
        "operatingCashFlow_qoq":-8.0534099755,
        "operatingCashFlow_yoy":-21.0488431877,
        "eps_qoq":-13.9784946237,
        "eps_yoy":-25.2336448598
    },
    {
        "date":"2024-06-30",
        "symbol":"SBUX",
        "reportedCurrency":"USD",
        "cik":"0000829224",
        "filingDate":"2024-07-30",
        "acceptedDate":"2024-07-30 16:10:34",
        "fiscalYear":"2024",
        "period":"Q3",
        "revenue":9113900000,
        "costOfRevenue":6570000000,
        "grossProfit":2543900000,
        "researchAndDevelopmentExpenses":0,
        "generalAndAdministrativeExpenses":576000000,
        "sellingAndMarketingExpenses":0,
        "sellingGeneralAndAdministrativeExpenses":576000000,
        "otherExpenses":450400000,
        "operatingExpenses":1026400000,
        "costAndExpenses":7596400000,
        "netInterestIncome":-113200000,
        "interestIncome":28100000,
        "interestExpense":141300000,
        "depreciationAndAmortization":407400000,
        "ebitda":1953000000,
        "ebit":1545600000,
        "nonOperatingIncomeExcludingInterest":-28100000,
        "operatingIncome":1517500000,
        "totalOtherIncomeExpensesNet":-113200000,
        "incomeBeforeTax":1404300000,
        "incomeTaxExpense":348600000,
        "netIncomeFromContinuingOperations":1055700000,
        "netIncomeFromDiscontinuedOperations":0,
        "otherAdjustmentsToNetIncome":0,
        "netIncome":1054800000,
        "netIncomeDeductions":0,
        "bottomLineNetIncome":1054800000,
        "eps":0.93,
        "epsDiluted":0.93,
        "weightedAverageShsOut":1132800000,
        "weightedAverageShsOutDil":1135800000,
        "symbol_1":"SBUX",
        "reportedCurrency_1":"USD",
        "cik_1":"0000829224",
        "filingDate_1":"2024-07-30",
        "acceptedDate_1":"2024-07-30 16:10:34",
        "fiscalYear_1":"2024",
        "period_1":"Q3",
        "netIncome_1":1054800000,
        "depreciationAndAmortization_1":407400000,
        "deferredIncomeTax":12600000,
        "stockBasedCompensation":63600000,
        "changeInWorkingCapital":-283500000,
        "accountsReceivables":-41700000,
        "inventory":-117900000,
        "accountsPayables":113300000,
        "otherWorkingCapital":-237200000,
        "otherNonCashItems":415200000,
        "netCashProvidedByOperatingActivities":1670100000,
        "investmentsInPropertyPlantAndEquipment":-724300000,
        "acquisitionsNet":0,
        "purchasesOfInvestments":-73600000,
        "salesMaturitiesOfInvestments":233100000,
        "otherInvestingActivities":-20700000,
        "netCashProvidedByInvestingActivities":-585500000,
        "netDebtIssuance":-21400000,
        "longTermNetDebtIssuance":0,
        "shortTermNetDebtIssuance":-21400000,
        "netStockIssuance":20800000,
        "netCommonStockIssuance":20800000,
        "commonStockIssuance":20800000,
        "commonStockRepurchased":0,
        "netPreferredStockIssuance":0,
        "netDividendsPaid":-645500000,
        "commonDividendsPaid":-645500000,
        "preferredDividendsPaid":0,
        "otherFinancingActivities":-4000000,
        "netCashProvidedByFinancingActivities":-650100000,
        "effectOfForexChangesOnCash":-19600000,
        "netChangeInCash":415000000,
        "cashAtEndOfPeriod":3179100000,
        "cashAtBeginningOfPeriod":2764100000,
        "operatingCashFlow":1670100000,
        "capitalExpenditure":-724300000,
        "freeCashFlow":945800000,
        "incomeTaxesPaid":229000000,
        "interestPaid":98300000,
        "symbol_2":"SBUX",
        "stockPrice":77.13,
        "numberOfShares":1132800000,
        "marketCapitalization":87372864000,
        "minusCashAndCashEquivalents":3179100000,
        "addTotalDebt":25291800000,
        "enterpriseValue":109485564000,
        "revenue_qoq":6.4334929347,
        "revenue_yoy":-0.5933488215,
        "netIncome_qoq":36.5613671673,
        "netIncome_yoy":-7.6114565998,
        "operatingCashFlow_qoq":230.0592885375,
        "operatingCashFlow_yoy":-1.9261260203,
        "eps_qoq":36.7647058824,
        "eps_yoy":-7.0
    },
    {
        "date":"2024-03-31",
        "symbol":"SBUX",
        "reportedCurrency":"USD",
        "cik":"0000829224",
        "filingDate":"2024-04-30",
        "acceptedDate":"2024-04-30 16:10:50",
        "fiscalYear":"2024",
        "period":"Q2",
        "revenue":8563000000,
        "costOfRevenue":6372800000,
        "grossProfit":2190200000,
        "researchAndDevelopmentExpenses":0,
        "generalAndAdministrativeExpenses":654600000,
        "sellingAndMarketingExpenses":0,
        "sellingGeneralAndAdministrativeExpenses":654600000,
        "otherExpenses":436700000,
        "operatingExpenses":1091300000,
        "costAndExpenses":7464100000,
        "netInterestIncome":-106500000,
        "interestIncome":34100000,
        "interestExpense":140600000,
        "depreciationAndAmortization":399200000,
        "ebitda":1532200000,
        "ebit":1133000000,
        "nonOperatingIncomeExcludingInterest":-34100000,
        "operatingIncome":1098900000,
        "totalOtherIncomeExpensesNet":-106500000,
        "incomeBeforeTax":992400000,
        "incomeTaxExpense":219900000,
        "netIncomeFromContinuingOperations":772500000,
        "netIncomeFromDiscontinuedOperations":0,
        "otherAdjustmentsToNetIncome":0,
        "netIncome":772400000,
        "netIncomeDeductions":0,
        "bottomLineNetIncome":772400000,
        "eps":0.68,
        "epsDiluted":0.68,
        "weightedAverageShsOut":1132400000,
        "weightedAverageShsOutDil":1135400000,
        "symbol_1":"SBUX",
        "reportedCurrency_1":"USD",
        "cik_1":"0000829224",
        "filingDate_1":"2024-04-30",
        "acceptedDate_1":"2024-04-30 16:10:50",
        "fiscalYear_1":"2024",
        "period_1":"Q2",
        "netIncome_1":772400000,
        "depreciationAndAmortization_1":399200000,
        "deferredIncomeTax":-22100000,
        "stockBasedCompensation":78200000,
        "changeInWorkingCapital":-1122000000,
        "accountsReceivables":44100000,
        "inventory":-109800000,
        "accountsPayables":44200000,
        "otherWorkingCapital":-1100500000,
        "otherNonCashItems":400300000,
        "netCashProvidedByOperatingActivities":506000000,
        "investmentsInPropertyPlantAndEquipment":-659100000,
        "acquisitionsNet":0,
        "purchasesOfInvestments":-254900000,
        "salesMaturitiesOfInvestments":245700000,
        "otherInvestingActivities":-26900000,
        "netCashProvidedByInvestingActivities":-695200000,
        "netDebtIssuance":617600000,
        "longTermNetDebtIssuance":620200000,
        "shortTermNetDebtIssuance":-2600000,
        "netStockIssuance":26100000,
        "netCommonStockIssuance":26100000,
        "commonStockIssuance":26100000,
        "commonStockRepurchased":0,
        "netPreferredStockIssuance":0,
        "netDividendsPaid":-645400000,
        "commonDividendsPaid":-645400000,
        "preferredDividendsPaid":0,
        "otherFinancingActivities":-12600000,
        "netCashProvidedByFinancingActivities":-14300000,
        "effectOfForexChangesOnCash":-32700000,
        "netChangeInCash":-236300000,
        "cashAtEndOfPeriod":2764100000,
        "cashAtBeginningOfPeriod":3000400000,
        "operatingCashFlow":506000000,
        "capitalExpenditure":-659100000,
        "freeCashFlow":-153100000,
        "incomeTaxesPaid":707900000,
        "interestPaid":155500000,
        "symbol_2":"SBUX",
        "stockPrice":91.53,
        "numberOfShares":1132400000,
        "marketCapitalization":103648572000,
        "minusCashAndCashEquivalents":2764100000,
        "addTotalDebt":25176500000,
        "enterpriseValue":126060972000,
        "revenue_qoq":-9.1487804102,
        "revenue_yoy":-1.7982063809,
        "netIncome_qoq":-24.5997657165,
        "netIncome_yoy":-14.9620169548,
        "operatingCashFlow_qoq":-78.7742774445,
        "operatingCashFlow_yoy":-34.0802501303,
        "eps_qoq":-24.4444444444,
        "eps_yoy":-13.9240506329
    },
    {
        "date":"2023-12-31",
        "symbol":"SBUX",
        "reportedCurrency":"USD",
        "cik":"0000829224",
        "filingDate":"2024-02-16",
        "acceptedDate":"2024-02-16 06:06:06",
        "fiscalYear":"2024",
        "period":"Q1",
        "revenue":9425300000,
        "costOfRevenue":6832100000,
        "grossProfit":2593200000,
        "researchAndDevelopmentExpenses":0,
        "generalAndAdministrativeExpenses":648000000,
        "sellingAndMarketingExpenses":0,
        "sellingGeneralAndAdministrativeExpenses":648000000,
        "otherExpenses":459800000,
        "operatingExpenses":1107800000,
        "costAndExpenses":7939900000,
        "netInterestIncome":-106300000,
        "interestIncome":33800000,
        "interestExpense":140100000,
        "depreciationAndAmortization":384400000,
        "ebitda":1903600000,
        "ebit":1519200000,
        "nonOperatingIncomeExcludingInterest":-33800000,
        "operatingIncome":1485400000,
        "totalOtherIncomeExpensesNet":-106300000,
        "incomeBeforeTax":1379100000,
        "incomeTaxExpense":354700000,
        "netIncomeFromContinuingOperations":1024400000,
        "netIncomeFromDiscontinuedOperations":0,
        "otherAdjustmentsToNetIncome":0,
        "netIncome":1024400000,
        "netIncomeDeductions":0,
        "bottomLineNetIncome":1024400000,
        "eps":0.9,
        "epsDiluted":0.9,
        "weightedAverageShsOut":1136600000,
        "weightedAverageShsOutDil":1140600000,
        "symbol_1":"SBUX",
        "reportedCurrency_1":"USD",
        "cik_1":"0000829224",
        "filingDate_1":"2024-02-16",
        "acceptedDate_1":"2024-02-16 06:06:06",
        "fiscalYear_1":"2024",
        "period_1":"Q1",
        "netIncome_1":1024400000,
        "depreciationAndAmortization_1":384400000,
        "deferredIncomeTax":26100000,
        "stockBasedCompensation":94800000,
        "changeInWorkingCapital":483900000,
        "accountsReceivables":42300000,
        "inventory":174300000,
        "accountsPayables":-95800000,
        "otherWorkingCapital":363100000,
        "otherNonCashItems":370300000,
        "netCashProvidedByOperatingActivities":2383900000,
        "investmentsInPropertyPlantAndEquipment":-595900000,
        "acquisitionsNet":0,
        "purchasesOfInvestments":-217100000,
        "salesMaturitiesOfInvestments":253500000,
        "otherInvestingActivities":-9300000,
        "netCashProvidedByInvestingActivities":-568800000,
        "netDebtIssuance":-434700000,
        "longTermNetDebtIssuance":-450000000,
        "shortTermNetDebtIssuance":15300000,
        "netStockIssuance":-1234400000,
        "netCommonStockIssuance":-1234400000,
        "commonStockIssuance":32300000,
        "commonStockRepurchased":-1266700000,
        "netPreferredStockIssuance":0,
        "netDividendsPaid":-648100000,
        "commonDividendsPaid":-648100000,
        "preferredDividendsPaid":0,
        "otherFinancingActivities":-92100000,
        "netCashProvidedByFinancingActivities":-2409300000,
        "effectOfForexChangesOnCash":43100000,
        "netChangeInCash":-551100000,
        "cashAtEndOfPeriod":3000400000,
        "cashAtBeginningOfPeriod":3551500000,
        "operatingCashFlow":2383900000,
        "capitalExpenditure":-595900000,
        "freeCashFlow":1788000000,
        "incomeTaxesPaid":143000000,
        "interestPaid":120100000,
        "symbol_2":"SBUX",
        "stockPrice":96.01,
        "numberOfShares":1136600000,
        "marketCapitalization":109124966000,
        "minusCashAndCashEquivalents":3000400000,
        "addTotalDebt":24463500000,
        "enterpriseValue":130588066000,
        "revenue_qoq":0.5515490313,
        "revenue_yoy":8.1639679133,
        "netIncome_qoq":-15.9845813171,
        "netIncome_yoy":19.7848456501,
        "operatingCashFlow_qoq":22.5655526992,
        "operatingCashFlow_yoy":49.6296761235,
        "eps_qoq":-15.8878504673,
        "eps_yoy":21.6216216216
    },
    {
        "date":"2023-09-30",
        "symbol":"SBUX",
        "reportedCurrency":"USD",
        "cik":"0000829224",
        "filingDate":"2023-11-17",
        "acceptedDate":"2023-11-17 17:31:27",
        "fiscalYear":"2023",
        "period":"Q4",
        "revenue":9373600000,
        "costOfRevenue":6654400000,
        "grossProfit":2719200000,
        "researchAndDevelopmentExpenses":0,
        "generalAndAdministrativeExpenses":635700000,
        "sellingAndMarketingExpenses":0,
        "sellingGeneralAndAdministrativeExpenses":635700000,
        "otherExpenses":377300000,
        "operatingExpenses":1013000000,
        "costAndExpenses":7667400000,
        "netInterestIncome":-113100000,
        "interestIncome":30100000,
        "interestExpense":143200000,
        "depreciationAndAmortization":376500000,
        "ebitda":2112800000,
        "ebit":1736300000,
        "nonOperatingIncomeExcludingInterest":-30100000,
        "operatingIncome":1706200000,
        "totalOtherIncomeExpensesNet":-113100000,
        "incomeBeforeTax":1593100000,
        "incomeTaxExpense":373800000,
        "netIncomeFromContinuingOperations":1219300000,
        "netIncomeFromDiscontinuedOperations":0,
        "otherAdjustmentsToNetIncome":0,
        "netIncome":1219300000,
        "netIncomeDeductions":0,
        "bottomLineNetIncome":1219300000,
        "eps":1.07,
        "epsDiluted":1.06,
        "weightedAverageShsOut":1144898344,
        "weightedAverageShsOutDil":1149400000,
        "symbol_1":"SBUX",
        "reportedCurrency_1":"USD",
        "cik_1":"0000829224",
        "filingDate_1":"2023-11-17",
        "acceptedDate_1":"2023-11-17 17:31:27",
        "fiscalYear_1":"2023",
        "period_1":"Q4",
        "netIncome_1":1219300000,
        "depreciationAndAmortization_1":376500000,
        "deferredIncomeTax":-29200000,
        "stockBasedCompensation":74200000,
        "changeInWorkingCapital":-46700000,
        "accountsReceivables":-48400000,
        "inventory":171900000,
        "accountsPayables":52800000,
        "otherWorkingCapital":-223000000,
        "otherNonCashItems":350900000,
        "netCashProvidedByOperatingActivities":1945000000,
        "investmentsInPropertyPlantAndEquipment":-699500000,
        "acquisitionsNet":-110000000,
        "purchasesOfInvestments":-253400000,
        "salesMaturitiesOfInvestments":102400000,
        "otherInvestingActivities":95900000,
        "netCashProvidedByInvestingActivities":-864600000,
        "netDebtIssuance":-1200000,
        "longTermNetDebtIssuance":-175000000,
        "shortTermNetDebtIssuance":173800000,
        "netStockIssuance":-267100000,
        "netCommonStockIssuance":-267100000,
        "commonStockIssuance":18000000,
        "commonStockRepurchased":-285100000,
        "netPreferredStockIssuance":0,
        "netDividendsPaid":-607000000,
        "commonDividendsPaid":-607000000,
        "preferredDividendsPaid":0,
        "otherFinancingActivities":-2400000,
        "netCashProvidedByFinancingActivities":-877700000,
        "effectOfForexChangesOnCash":-8200000,
        "netChangeInCash":194500000,
        "cashAtEndOfPeriod":3551500000,
        "cashAtBeginningOfPeriod":3357000000,
        "operatingCashFlow":1945000000,
        "capitalExpenditure":-699500000,
        "freeCashFlow":1245500000,
        "incomeTaxesPaid":354400000,
        "interestPaid":154700000,
        "symbol_2":"SBUX",
        "stockPrice":91.27,
        "numberOfShares":1144898344,
        "marketCapitalization":104494871856,
        "minusCashAndCashEquivalents":3551500000,
        "addTotalDebt":24599800000,
        "enterpriseValue":125543171856,
        "revenue_qoq":2.2392373723,
        "revenue_yoy":11.4021535024,
        "netIncome_qoq":6.7968818429,
        "netIncome_yoy":38.8250028464,
        "operatingCashFlow_qoq":14.2169240707,
        "operatingCashFlow_yoy":76.866418114,
        "eps_qoq":7.0,
        "eps_yoy":38.961038961
    },
    {
        "date":"2023-07-02",
        "symbol":"SBUX",
        "reportedCurrency":"USD",
        "cik":"0000829224",
        "filingDate":"2023-08-01",
        "acceptedDate":"2023-08-01 16:32:43",
        "fiscalYear":"2023",
        "period":"Q3",
        "revenue":9168300000,
        "costOfRevenue":6561800000,
        "grossProfit":2606500000,
        "researchAndDevelopmentExpenses":0,
        "generalAndAdministrativeExpenses":604300000,
        "sellingAndMarketingExpenses":0,
        "sellingGeneralAndAdministrativeExpenses":604300000,
        "otherExpenses":418300000,
        "operatingExpenses":1022600000,
        "costAndExpenses":7584400000,
        "netInterestIncome":-119600000,
        "interestIncome":21300000,
        "interestExpense":140900000,
        "depreciationAndAmortization":364500000,
        "ebitda":1969700000,
        "ebit":1605200000,
        "nonOperatingIncomeExcludingInterest":-21300000,
        "operatingIncome":1583900000,
        "totalOtherIncomeExpensesNet":-119600000,
        "incomeBeforeTax":1464300000,
        "incomeTaxExpense":322400000,
        "netIncomeFromContinuingOperations":1141900000,
        "netIncomeFromDiscontinuedOperations":0,
        "otherAdjustmentsToNetIncome":0,
        "netIncome":1141700000,
        "netIncomeDeductions":0,
        "bottomLineNetIncome":1141700000,
        "eps":1.0,
        "epsDiluted":0.99,
        "weightedAverageShsOut":1145900000,
        "weightedAverageShsOutDil":1150500000,
        "symbol_1":"SBUX",
        "reportedCurrency_1":"USD",
        "cik_1":"0000829224",
        "filingDate_1":"2023-08-01",
        "acceptedDate_1":"2023-08-01 16:32:43",
        "fiscalYear_1":"2023",
        "period_1":"Q3",
        "netIncome_1":1141800000,
        "depreciationAndAmortization_1":364500000,
        "deferredIncomeTax":-32800000,
        "stockBasedCompensation":69200000,
        "changeInWorkingCapital":-243000000,
        "accountsReceivables":18100000,
        "inventory":-100000,
        "accountsPayables":98500000,
        "otherWorkingCapital":-359500000,
        "otherNonCashItems":403200000,
        "netCashProvidedByOperatingActivities":1702900000,
        "investmentsInPropertyPlantAndEquipment":-632100000,
        "acquisitionsNet":0,
        "purchasesOfInvestments":-109400000,
        "salesMaturitiesOfInvestments":245100000,
        "otherInvestingActivities":-2800000,
        "netCashProvidedByInvestingActivities":-499200000,
        "netDebtIssuance":-15800000,
        "longTermNetDebtIssuance":0,
        "shortTermNetDebtIssuance":-15800000,
        "netStockIssuance":-200400000,
        "netCommonStockIssuance":-200400000,
        "commonStockIssuance":19600000,
        "commonStockRepurchased":-220000000,
        "netPreferredStockIssuance":0,
        "netDividendsPaid":-607400000,
        "commonDividendsPaid":-607400000,
        "preferredDividendsPaid":0,
        "otherFinancingActivities":-5900000,
        "netCashProvidedByFinancingActivities":-829500000,
        "effectOfForexChangesOnCash":-89000000,
        "netChangeInCash":285200000,
        "cashAtEndOfPeriod":3357000000,
        "cashAtBeginningOfPeriod":3071800000,
        "operatingCashFlow":1702900000,
        "capitalExpenditure":-632100000,
        "freeCashFlow":1070800000,
        "incomeTaxesPaid":303000000,
        "interestPaid":119200000,
        "symbol_2":"SBUX",
        "stockPrice":99.15,
        "numberOfShares":1145900000,
        "marketCapitalization":113615985000,
        "minusCashAndCashEquivalents":3357000000,
        "addTotalDebt":24371200000,
        "enterpriseValue":134630185000,
        "revenue_qoq":5.1434665933,
        "revenue_yoy":12.4930982442,
        "netIncome_qoq":25.6963558296,
        "netIncome_yoy":25.0629860883,
        "operatingCashFlow_qoq":121.8473163106,
        "operatingCashFlow_yoy":34.637887413,
        "eps_qoq":26.582278481,
        "eps_yoy":25.0
    },
    {
        "date":"2023-04-02",
        "symbol":"SBUX",
        "reportedCurrency":"USD",
        "cik":"0000829224",
        "filingDate":"2023-05-02",
        "acceptedDate":"2023-05-02 16:31:26",
        "fiscalYear":"2023",
        "period":"Q2",
        "revenue":8719800000,
        "costOfRevenue":6437700000,
        "grossProfit":2282100000,
        "researchAndDevelopmentExpenses":0,
        "generalAndAdministrativeExpenses":620400000,
        "sellingAndMarketingExpenses":0,
        "sellingGeneralAndAdministrativeExpenses":620400000,
        "otherExpenses":334200000,
        "operatingExpenses":954600000,
        "costAndExpenses":7392300000,
        "netInterestIncome":-117900000,
        "interestIncome":18400000,
        "interestExpense":136300000,
        "depreciationAndAmortization":366800000,
        "ebitda":1712700000,
        "ebit":1345900000,
        "nonOperatingIncomeExcludingInterest":-18400000,
        "operatingIncome":1327500000,
        "totalOtherIncomeExpensesNet":-117900000,
        "incomeBeforeTax":1209600000,
        "incomeTaxExpense":301300000,
        "netIncomeFromContinuingOperations":908300000,
        "netIncomeFromDiscontinuedOperations":0,
        "otherAdjustmentsToNetIncome":0,
        "netIncome":908300000,
        "netIncomeDeductions":0,
        "bottomLineNetIncome":908300000,
        "eps":0.79,
        "epsDiluted":0.79,
        "weightedAverageShsOut":1148500000,
        "weightedAverageShsOutDil":1152700000,
        "symbol_1":"SBUX",
        "reportedCurrency_1":"USD",
        "cik_1":"0000829224",
        "filingDate_1":"2023-05-02",
        "acceptedDate_1":"2023-05-02 16:31:26",
        "fiscalYear_1":"2023",
        "period_1":"Q2",
        "netIncome_1":908400000,
        "depreciationAndAmortization_1":366800000,
        "deferredIncomeTax":-13200000,
        "stockBasedCompensation":74100000,
        "changeInWorkingCapital":-857900000,
        "accountsReceivables":-15800000,
        "inventory":86100000,
        "accountsPayables":66100000,
        "otherWorkingCapital":-994300000,
        "otherNonCashItems":289400000,
        "netCashProvidedByOperatingActivities":767600000,
        "investmentsInPropertyPlantAndEquipment":-485200000,
        "acquisitionsNet":110000000,
        "purchasesOfInvestments":-237200000,
        "salesMaturitiesOfInvestments":17800000,
        "otherInvestingActivities":-33100000,
        "netCashProvidedByInvestingActivities":-627700000,
        "netDebtIssuance":550600000,
        "longTermNetDebtIssuance":672800000,
        "shortTermNetDebtIssuance":-122200000,
        "netStockIssuance":-204000000,
        "netCommonStockIssuance":-204000000,
        "commonStockIssuance":83900000,
        "commonStockRepurchased":-287900000,
        "netPreferredStockIssuance":0,
        "netDividendsPaid":-609100000,
        "commonDividendsPaid":-609100000,
        "preferredDividendsPaid":0,
        "otherFinancingActivities":-13100000,
        "netCashProvidedByFinancingActivities":-275600000,
        "effectOfForexChangesOnCash":21000000,
        "netChangeInCash":-114700000,
        "cashAtEndOfPeriod":3071800000,
        "cashAtBeginningOfPeriod":3186500000,
        "operatingCashFlow":767600000,
        "capitalExpenditure":-485200000,
        "freeCashFlow":282400000,
        "incomeTaxesPaid":530600000,
        "interestPaid":133700000,
        "symbol_2":"SBUX",
        "stockPrice":104.85,
        "numberOfShares":1148500000,
        "marketCapitalization":120420225000,
        "minusCashAndCashEquivalents":3071800000,
        "addTotalDebt":24509300000,
        "enterpriseValue":141857725000,
        "revenue_qoq":0.0677079149,
        "revenue_yoy":14.1992770706,
        "netIncome_qoq":6.2090739008,
        "netIncome_yoy":34.6627131208,
        "operatingCashFlow_qoq":-51.820236003,
        "operatingCashFlow_yoy":374.1198270537,
        "eps_qoq":6.7567567568,
        "eps_yoy":33.8983050847
    },
    {
        "date":"2023-01-01",
        "symbol":"SBUX",
        "reportedCurrency":"USD",
        "cik":"0000829224",
        "filingDate":"2023-02-02",
        "acceptedDate":"2023-02-02 16:31:13",
        "fiscalYear":"2023",
        "period":"Q1",
        "revenue":8713900000,
        "costOfRevenue":6475500000,
        "grossProfit":2238400000,
        "researchAndDevelopmentExpenses":0,
        "generalAndAdministrativeExpenses":580900000,
        "sellingAndMarketingExpenses":0,
        "sellingGeneralAndAdministrativeExpenses":580900000,
        "otherExpenses":404400000,
        "operatingExpenses":985300000,
        "costAndExpenses":7460800000,
        "netInterestIncome":-118100000,
        "interestIncome":11600000,
        "interestExpense":129700000,
        "depreciationAndAmortization":342500000,
        "ebitda":1607200000,
        "ebit":1264700000,
        "nonOperatingIncomeExcludingInterest":-11600000,
        "operatingIncome":1253100000,
        "totalOtherIncomeExpensesNet":-118100000,
        "incomeBeforeTax":1135000000,
        "incomeTaxExpense":279800000,
        "netIncomeFromContinuingOperations":855200000,
        "netIncomeFromDiscontinuedOperations":0,
        "otherAdjustmentsToNetIncome":0,
        "netIncome":855200000,
        "netIncomeDeductions":0,
        "bottomLineNetIncome":855200000,
        "eps":0.74,
        "epsDiluted":0.74,
        "weightedAverageShsOut":1148500000,
        "weightedAverageShsOutDil":1152900000,
        "symbol_1":"SBUX",
        "reportedCurrency_1":"USD",
        "cik_1":"0000829224",
        "filingDate_1":"2023-02-02",
        "acceptedDate_1":"2023-02-02 16:31:13",
        "fiscalYear_1":"2023",
        "period_1":"Q1",
        "netIncome_1":855200000,
        "depreciationAndAmortization_1":342500000,
        "deferredIncomeTax":15800000,
        "stockBasedCompensation":85200000,
        "changeInWorkingCapital":14200000,
        "accountsReceivables":42000000,
        "inventory":108500000,
        "accountsPayables":-117300000,
        "otherWorkingCapital":-19000000,
        "otherNonCashItems":280300000,
        "netCashProvidedByOperatingActivities":1593200000,
        "investmentsInPropertyPlantAndEquipment":-516800000,
        "acquisitionsNet":0,
        "purchasesOfInvestments":-10500000,
        "salesMaturitiesOfInvestments":254100000,
        "otherInvestingActivities":-6100000,
        "netCashProvidedByInvestingActivities":-279300000,
        "netDebtIssuance":-175000000,
        "longTermNetDebtIssuance":-175000000,
        "shortTermNetDebtIssuance":0,
        "netStockIssuance":-145500000,
        "netCommonStockIssuance":-145500000,
        "commonStockIssuance":45900000,
        "commonStockRepurchased":-191400000,
        "netPreferredStockIssuance":0,
        "netDividendsPaid":-608300000,
        "commonDividendsPaid":-608300000,
        "preferredDividendsPaid":0,
        "otherFinancingActivities":-79000000,
        "netCashProvidedByFinancingActivities":-1007800000,
        "effectOfForexChangesOnCash":62000000,
        "netChangeInCash":368100000,
        "cashAtEndOfPeriod":3186500000,
        "cashAtBeginningOfPeriod":2818400000,
        "operatingCashFlow":1593200000,
        "capitalExpenditure":-516800000,
        "freeCashFlow":1076400000,
        "incomeTaxesPaid":106200000,
        "interestPaid":116700000,
        "symbol_2":"SBUX",
        "stockPrice":99.2,
        "numberOfShares":1148500000,
        "marketCapitalization":113931200000,
        "minusCashAndCashEquivalents":3186500000,
        "addTotalDebt":23818900000,
        "enterpriseValue":134563600000,
        "revenue_qoq":3.561835944,
        "revenue_yoy":8.2418264931,
        "netIncome_qoq":-2.630080838,
        "netIncome_yoy":4.8167667606,
        "operatingCashFlow_qoq":44.8758752387,
        "operatingCashFlow_yoy":-14.8431236303,
        "eps_qoq":-3.8961038961,
        "eps_yoy":5.7142857143
    },
    {
        "date":"2022-09-30",
        "symbol":"SBUX",
        "reportedCurrency":"USD",
        "cik":"0000829224",
        "filingDate":"2022-11-18",
        "acceptedDate":"2022-11-18 16:35:30",
        "fiscalYear":"2022",
        "period":"Q4",
        "revenue":8414200000,
        "costOfRevenue":6255700000,
        "grossProfit":2158500000,
        "researchAndDevelopmentExpenses":0,
        "generalAndAdministrativeExpenses":538000000,
        "sellingAndMarketingExpenses":0,
        "sellingGeneralAndAdministrativeExpenses":538000000,
        "otherExpenses":425000000,
        "operatingExpenses":963000000,
        "costAndExpenses":7218700000,
        "netInterestIncome":-94300000,
        "interestIncome":31000000,
        "interestExpense":125300000,
        "depreciationAndAmortization":360400000,
        "ebitda":1586900000,
        "ebit":1226500000,
        "nonOperatingIncomeExcludingInterest":-31000000,
        "operatingIncome":1195500000,
        "totalOtherIncomeExpensesNet":-94300000,
        "incomeBeforeTax":1101200000,
        "incomeTaxExpense":222600000,
        "netIncomeFromContinuingOperations":878500000,
        "netIncomeFromDiscontinuedOperations":0,
        "otherAdjustmentsToNetIncome":0,
        "netIncome":878300000,
        "netIncomeDeductions":0,
        "bottomLineNetIncome":878300000,
        "eps":0.77,
        "epsDiluted":0.76,
        "weightedAverageShsOut":1147900000,
        "weightedAverageShsOutDil":1152500000,
        "symbol_1":"SBUX",
        "reportedCurrency_1":"USD",
        "cik_1":"0000829224",
        "filingDate_1":"2022-11-18",
        "acceptedDate_1":"2022-11-18 16:35:30",
        "fiscalYear_1":"2022",
        "period_1":"Q4",
        "netIncome_1":878600000,
        "depreciationAndAmortization_1":360400000,
        "deferredIncomeTax":-72800000,
        "stockBasedCompensation":64900000,
        "changeInWorkingCapital":-509000000,
        "accountsReceivables":-80600000,
        "inventory":-83700000,
        "accountsPayables":3800000,
        "otherWorkingCapital":-348500000,
        "otherNonCashItems":377600000,
        "netCashProvidedByOperatingActivities":1099700000,
        "investmentsInPropertyPlantAndEquipment":-545900000,
        "acquisitionsNet":59300000,
        "purchasesOfInvestments":-260600000,
        "salesMaturitiesOfInvestments":7800000,
        "otherInvestingActivities":-30600000,
        "netCashProvidedByInvestingActivities":-770000000,
        "netDebtIssuance":-25000000,
        "longTermNetDebtIssuance":-25000000,
        "shortTermNetDebtIssuance":0,
        "netStockIssuance":26100000,
        "netCommonStockIssuance":26100000,
        "commonStockIssuance":26100000,
        "commonStockRepurchased":0,
        "netPreferredStockIssuance":0,
        "netDividendsPaid":-562200000,
        "commonDividendsPaid":-562200000,
        "preferredDividendsPaid":0,
        "otherFinancingActivities":-3700000,
        "netCashProvidedByFinancingActivities":-564800000,
        "effectOfForexChangesOnCash":-124000000,
        "netChangeInCash":-359100000,
        "cashAtEndOfPeriod":2818400000,
        "cashAtBeginningOfPeriod":3177500000,
        "operatingCashFlow":1099700000,
        "capitalExpenditure":-545900000,
        "freeCashFlow":553800000,
        "incomeTaxesPaid":246400000,
        "interestPaid":129800000,
        "symbol_2":"SBUX",
        "stockPrice":84.26,
        "numberOfShares":1147900000,
        "marketCapitalization":96722054000,
        "minusCashAndCashEquivalents":2818400000,
        "addTotalDebt":23804800000,
        "enterpriseValue":117708454000,
        "revenue_qoq":3.2404510374,
        "revenue_yoy":3.2835381197,
        "netIncome_qoq":-3.7901193997,
        "netIncome_yoy":-50.2210383133,
        "operatingCashFlow_qoq":-13.0534471853,
        "operatingCashFlow_yoy":-27.6846189255,
        "eps_qoq":-3.75,
        "eps_yoy":-48.6666666667
    },
    {
        "date":"2022-07-03",
        "symbol":"SBUX",
        "reportedCurrency":"USD",
        "cik":"0000829224",
        "filingDate":"2022-08-02",
        "acceptedDate":"2022-08-02 16:31:49",
        "fiscalYear":"2022",
        "period":"Q3",
        "revenue":8150100000,
        "costOfRevenue":5916100000,
        "grossProfit":2234000000,
        "researchAndDevelopmentExpenses":0,
        "generalAndAdministrativeExpenses":486700000,
        "sellingAndMarketingExpenses":0,
        "sellingGeneralAndAdministrativeExpenses":486700000,
        "otherExpenses":451800000,
        "operatingExpenses":938500000,
        "costAndExpenses":6854600000,
        "netInterestIncome":-103300000,
        "interestIncome":19800000,
        "interestExpense":123100000,
        "depreciationAndAmortization":391300000,
        "ebitda":1706600000,
        "ebit":1315300000,
        "nonOperatingIncomeExcludingInterest":-19800000,
        "operatingIncome":1295500000,
        "totalOtherIncomeExpensesNet":-103300000,
        "incomeBeforeTax":1192200000,
        "incomeTaxExpense":278500000,
        "netIncomeFromContinuingOperations":913700000,
        "netIncomeFromDiscontinuedOperations":0,
        "otherAdjustmentsToNetIncome":0,
        "netIncome":912900000,
        "netIncomeDeductions":0,
        "bottomLineNetIncome":912900000,
        "eps":0.8,
        "epsDiluted":0.79,
        "weightedAverageShsOut":1147000000,
        "weightedAverageShsOutDil":1151000000,
        "symbol_1":"SBUX",
        "reportedCurrency_1":"USD",
        "cik_1":"0000829224",
        "filingDate_1":"2022-08-02",
        "acceptedDate_1":"2022-08-02 16:31:49",
        "fiscalYear_1":"2022",
        "period_1":"Q3",
        "netIncome_1":913700000,
        "depreciationAndAmortization_1":391300000,
        "deferredIncomeTax":6600000,
        "stockBasedCompensation":57300000,
        "changeInWorkingCapital":-498200000,
        "accountsReceivables":-183400000,
        "inventory":-232400000,
        "accountsPayables":208700000,
        "otherWorkingCapital":-291100000,
        "otherNonCashItems":394000000,
        "netCashProvidedByOperatingActivities":1264800000,
        "investmentsInPropertyPlantAndEquipment":-423500000,
        "acquisitionsNet":0,
        "purchasesOfInvestments":-49800000,
        "salesMaturitiesOfInvestments":3800000,
        "otherInvestingActivities":-25900000,
        "netCashProvidedByInvestingActivities":-495400000,
        "netDebtIssuance":-804800000,
        "longTermNetDebtIssuance":-800000000,
        "shortTermNetDebtIssuance":-4800000,
        "netStockIssuance":3700000,
        "netCommonStockIssuance":3700000,
        "commonStockIssuance":19200000,
        "commonStockRepurchased":-15500000,
        "netPreferredStockIssuance":0,
        "netDividendsPaid":-561900000,
        "commonDividendsPaid":-561900000,
        "preferredDividendsPaid":0,
        "otherFinancingActivities":-1400000,
        "netCashProvidedByFinancingActivities":-1364400000,
        "effectOfForexChangesOnCash":-140900000,
        "netChangeInCash":-735900000,
        "cashAtEndOfPeriod":3177500000,
        "cashAtBeginningOfPeriod":3913400000,
        "operatingCashFlow":1264800000,
        "capitalExpenditure":-423500000,
        "freeCashFlow":841300000,
        "incomeTaxesPaid":128000000,
        "interestPaid":108900000,
        "symbol_2":"SBUX",
        "stockPrice":79.26,
        "numberOfShares":1147000000,
        "marketCapitalization":90911220000,
        "minusCashAndCashEquivalents":3177500000,
        "addTotalDebt":23899100000,
        "enterpriseValue":111632820000,
        "revenue_qoq":6.7381738174,
        "revenue_yoy":8.7187354099,
        "netIncome_qoq":35.3446997776,
        "netIncome_yoy":-20.8513958731,
        "operatingCashFlow_qoq":681.2229771464,
        "operatingCashFlow_yoy":-27.680256161,
        "eps_qoq":35.593220339,
        "eps_yoy":-18.3673469388
    },
    {
        "date":"2022-04-03",
        "symbol":"SBUX",
        "reportedCurrency":"USD",
        "cik":"0000829224",
        "filingDate":"2022-05-03",
        "acceptedDate":"2022-05-03 16:35:06",
        "fiscalYear":"2022",
        "period":"Q2",
        "revenue":7635600000,
        "costOfRevenue":5780500000,
        "grossProfit":1855100000,
        "researchAndDevelopmentExpenses":0,
        "generalAndAdministrativeExpenses":481500000,
        "sellingAndMarketingExpenses":0,
        "sellingGeneralAndAdministrativeExpenses":481500000,
        "otherExpenses":424700000,
        "operatingExpenses":906200000,
        "costAndExpenses":6686700000,
        "netInterestIncome":-72800000,
        "interestIncome":46300000,
        "interestExpense":119100000,
        "depreciationAndAmortization":391300000,
        "ebitda":1386500000,
        "ebit":995200000,
        "nonOperatingIncomeExcludingInterest":-46300000,
        "operatingIncome":948900000,
        "totalOtherIncomeExpensesNet":-72800000,
        "incomeBeforeTax":876100000,
        "incomeTaxExpense":201100000,
        "netIncomeFromContinuingOperations":675000000,
        "netIncomeFromDiscontinuedOperations":0,
        "otherAdjustmentsToNetIncome":0,
        "netIncome":674500000,
        "netIncomeDeductions":0,
        "bottomLineNetIncome":674500000,
        "eps":0.59,
        "epsDiluted":0.58,
        "weightedAverageShsOut":1149200000,
        "weightedAverageShsOutDil":1153900000,
        "symbol_1":"SBUX",
        "reportedCurrency_1":"USD",
        "cik_1":"0000829224",
        "filingDate_1":"2022-05-03",
        "acceptedDate_1":"2022-05-03 16:35:06",
        "fiscalYear_1":"2022",
        "period_1":"Q2",
        "netIncome_1":675000000,
        "depreciationAndAmortization_1":391300000,
        "deferredIncomeTax":28700000,
        "stockBasedCompensation":53400000,
        "changeInWorkingCapital":-1324200000,
        "accountsReceivables":29500000,
        "inventory":-288900000,
        "accountsPayables":49000000,
        "otherWorkingCapital":-1113800000,
        "otherNonCashItems":337700000,
        "netCashProvidedByOperatingActivities":161900000,
        "investmentsInPropertyPlantAndEquipment":-455100000,
        "acquisitionsNet":0,
        "purchasesOfInvestments":-6500000,
        "salesMaturitiesOfInvestments":10100000,
        "otherInvestingActivities":-28400000,
        "netCashProvidedByInvestingActivities":-479900000,
        "netDebtIssuance":1302900000,
        "longTermNetDebtIssuance":1298100000,
        "shortTermNetDebtIssuance":4800000,
        "netStockIssuance":-461600000,
        "netCommonStockIssuance":-461600000,
        "commonStockIssuance":15000000,
        "commonStockRepurchased":-476600000,
        "netPreferredStockIssuance":0,
        "netDividendsPaid":-563200000,
        "commonDividendsPaid":-563200000,
        "preferredDividendsPaid":0,
        "otherFinancingActivities":-17700000,
        "netCashProvidedByFinancingActivities":260400000,
        "effectOfForexChangesOnCash":1600000,
        "netChangeInCash":-56000000,
        "cashAtEndOfPeriod":3913400000,
        "cashAtBeginningOfPeriod":3969400000,
        "operatingCashFlow":161900000,
        "capitalExpenditure":-455100000,
        "freeCashFlow":-293200000,
        "incomeTaxesPaid":621800000,
        "interestPaid":127700000,
        "symbol_2":"SBUX",
        "stockPrice":88.09,
        "numberOfShares":1149200000,
        "marketCapitalization":101233028000,
        "minusCashAndCashEquivalents":3913400000,
        "addTotalDebt":24917800000,
        "enterpriseValue":122237428000,
        "revenue_qoq":-5.1525390043,
        "revenue_yoy":14.5110977804,
        "netIncome_qoq":-17.3305552151,
        "netIncome_yoy":2.2899605702,
        "operatingCashFlow_qoq":-91.3464108183,
        "operatingCashFlow_yoy":-81.6813758769,
        "eps_qoq":-15.7142857143,
        "eps_yoy":5.3571428571
    },
    {
        "date":"2022-01-02",
        "symbol":"SBUX",
        "reportedCurrency":"USD",
        "cik":"0000829224",
        "filingDate":"2022-02-01",
        "acceptedDate":"2022-02-01 16:36:17",
        "fiscalYear":"2022",
        "period":"Q1",
        "revenue":8050400000,
        "costOfRevenue":5926900000,
        "grossProfit":2123500000,
        "researchAndDevelopmentExpenses":0,
        "generalAndAdministrativeExpenses":525800000,
        "sellingAndMarketingExpenses":0,
        "sellingGeneralAndAdministrativeExpenses":525800000,
        "otherExpenses":419900000,
        "operatingExpenses":945700000,
        "costAndExpenses":6872600000,
        "netInterestIncome":-115400000,
        "interestIncome":0,
        "interestExpense":115400000,
        "depreciationAndAmortization":386400000,
        "ebitda":1564200000,
        "ebit":1177800000,
        "nonOperatingIncomeExcludingInterest":0,
        "operatingIncome":1177800000,
        "totalOtherIncomeExpensesNet":-115400000,
        "incomeBeforeTax":1062400000,
        "incomeTaxExpense":246300000,
        "netIncomeFromContinuingOperations":816100000,
        "netIncomeFromDiscontinuedOperations":0,
        "otherAdjustmentsToNetIncome":0,
        "netIncome":815900000,
        "netIncomeDeductions":0,
        "bottomLineNetIncome":815900000,
        "eps":0.7,
        "epsDiluted":0.69,
        "weightedAverageShsOut":1151600000,
        "weightedAverageShsOutDil":1176600000,
        "symbol_1":"SBUX",
        "reportedCurrency_1":"USD",
        "cik_1":"0000829224",
        "filingDate_1":"2022-02-01",
        "acceptedDate_1":"2022-02-01 16:36:17",
        "fiscalYear_1":"2022",
        "period_1":"Q1",
        "netIncome_1":816100000,
        "depreciationAndAmortization_1":386400000,
        "deferredIncomeTax":-300000,
        "stockBasedCompensation":95800000,
        "changeInWorkingCapital":198400000,
        "accountsReceivables":-91600000,
        "inventory":-36000000,
        "accountsPayables":84000000,
        "otherWorkingCapital":242000000,
        "otherNonCashItems":374500000,
        "netCashProvidedByOperatingActivities":1870900000,
        "investmentsInPropertyPlantAndEquipment":-416800000,
        "acquisitionsNet":0,
        "purchasesOfInvestments":-61000000,
        "salesMaturitiesOfInvestments":118200000,
        "otherInvestingActivities":-41400000,
        "netCashProvidedByInvestingActivities":-401000000,
        "netDebtIssuance":200000000,
        "longTermNetDebtIssuance":200000000,
        "shortTermNetDebtIssuance":0,
        "netStockIssuance":-3479600000,
        "netCommonStockIssuance":-3479600000,
        "commonStockIssuance":41300000,
        "commonStockRepurchased":-3520900000,
        "netPreferredStockIssuance":0,
        "netDividendsPaid":-576000000,
        "commonDividendsPaid":-576000000,
        "preferredDividendsPaid":0,
        "otherFinancingActivities":-113600000,
        "netCashProvidedByFinancingActivities":-3969200000,
        "effectOfForexChangesOnCash":13000000,
        "netChangeInCash":-2486300000,
        "cashAtEndOfPeriod":3969400000,
        "cashAtBeginningOfPeriod":6455700000,
        "operatingCashFlow":1870900000,
        "capitalExpenditure":-416800000,
        "freeCashFlow":1454100000,
        "incomeTaxesPaid":161400000,
        "interestPaid":108300000,
        "symbol_2":"SBUX",
        "stockPrice":116.68,
        "numberOfShares":1151600000,
        "marketCapitalization":134368688000,
        "minusCashAndCashEquivalents":3969400000,
        "addTotalDebt":23746900000,
        "enterpriseValue":154146188000,
        "revenue_qoq":-1.1820737231,
        "revenue_yoy":19.2757874774,
        "netIncome_qoq":-53.7576513262,
        "netIncome_yoy":31.131468981,
        "operatingCashFlow_qoq":23.0288682843,
        "operatingCashFlow_yoy":1.91752465,
        "eps_qoq":-53.3333333333,
        "eps_yoy":32.0754716981
    },
    {
        "date":"2021-09-30",
        "symbol":"SBUX",
        "reportedCurrency":"USD",
        "cik":"0000829224",
        "filingDate":"2021-11-19",
        "acceptedDate":"2021-11-19 16:46:02",
        "fiscalYear":"2021",
        "period":"Q4",
        "revenue":8146700000,
        "costOfRevenue":5764500000,
        "grossProfit":2382200000,
        "researchAndDevelopmentExpenses":0,
        "generalAndAdministrativeExpenses":501200000,
        "sellingAndMarketingExpenses":0,
        "sellingGeneralAndAdministrativeExpenses":501200000,
        "otherExpenses":398800000,
        "operatingExpenses":900000000,
        "costAndExpenses":6664500000,
        "netInterestIncome":-99100000,
        "interestIncome":21500000,
        "interestExpense":120600000,
        "depreciationAndAmortization":377900000,
        "ebitda":2746100000,
        "ebit":2368200000,
        "nonOperatingIncomeExcludingInterest":-886000000,
        "operatingIncome":1482200000,
        "totalOtherIncomeExpensesNet":765400000,
        "incomeBeforeTax":2247600000,
        "incomeTaxExpense":483000000,
        "netIncomeFromContinuingOperations":1764600000,
        "netIncomeFromDiscontinuedOperations":0,
        "otherAdjustmentsToNetIncome":0,
        "netIncome":1764400000,
        "netIncomeDeductions":0,
        "bottomLineNetIncome":1764400000,
        "eps":1.5,
        "epsDiluted":1.49,
        "weightedAverageShsOut":1180000000,
        "weightedAverageShsOutDil":1187900000,
        "symbol_1":"SBUX",
        "reportedCurrency_1":"USD",
        "cik_1":"0000829224",
        "filingDate_1":"2021-11-19",
        "acceptedDate_1":"2021-11-19 16:46:02",
        "fiscalYear_1":"2021",
        "period_1":"Q4",
        "netIncome_1":1764600000,
        "depreciationAndAmortization_1":377900000,
        "deferredIncomeTax":-33000000,
        "stockBasedCompensation":63800000,
        "changeInWorkingCapital":-127600000,
        "accountsReceivables":-29900000,
        "inventory":-58200000,
        "accountsPayables":81700000,
        "otherWorkingCapital":-121200000,
        "otherNonCashItems":-525000000,
        "netCashProvidedByOperatingActivities":1520700000,
        "investmentsInPropertyPlantAndEquipment":-484300000,
        "acquisitionsNet":1175000000,
        "purchasesOfInvestments":-64700000,
        "salesMaturitiesOfInvestments":59600000,
        "otherInvestingActivities":-18900000,
        "netCashProvidedByInvestingActivities":666700000,
        "netDebtIssuance":-4100000,
        "longTermNetDebtIssuance":0,
        "shortTermNetDebtIssuance":-4099999,
        "netStockIssuance":54600000,
        "netCommonStockIssuance":54600000,
        "commonStockIssuance":54600000,
        "commonStockRepurchased":0,
        "netPreferredStockIssuance":0,
        "netDividendsPaid":-530800000,
        "commonDividendsPaid":-530800000,
        "preferredDividendsPaid":0,
        "otherFinancingActivities":-2800000,
        "netCashProvidedByFinancingActivities":-483100000,
        "effectOfForexChangesOnCash":-1700000,
        "netChangeInCash":1702600000,
        "cashAtEndOfPeriod":6455700000,
        "cashAtBeginningOfPeriod":4753100000,
        "operatingCashFlow":1520700000,
        "capitalExpenditure":-484300000,
        "freeCashFlow":1036400000,
        "incomeTaxesPaid":348400000,
        "interestPaid":127500000,
        "symbol_2":"SBUX",
        "stockPrice":110.31,
        "numberOfShares":1180000000,
        "marketCapitalization":130165800000,
        "minusCashAndCashEquivalents":6455700000,
        "addTotalDebt":23605100000,
        "enterpriseValue":147315200000,
        "revenue_qoq":8.6733809111,
        "revenue_yoy":null,
        "netIncome_qoq":52.9738165424,
        "netIncome_yoy":null,
        "operatingCashFlow_qoq":-13.0482017268,
        "operatingCashFlow_yoy":null,
        "eps_qoq":53.0612244898,
        "eps_yoy":null
    },
    {
        "date":"2021-06-27",
        "symbol":"SBUX",
        "reportedCurrency":"USD",
        "cik":"0000829224",
        "filingDate":"2021-07-27",
        "acceptedDate":"2021-07-27 16:57:11",
        "fiscalYear":"2021",
        "period":"Q3",
        "revenue":7496500000,
        "costOfRevenue":5172900000,
        "grossProfit":2323600000,
        "researchAndDevelopmentExpenses":0,
        "generalAndAdministrativeExpenses":494900000,
        "sellingAndMarketingExpenses":0,
        "sellingGeneralAndAdministrativeExpenses":494900000,
        "otherExpenses":340000000,
        "operatingExpenses":834900000,
        "costAndExpenses":6007800000,
        "netInterestIncome":-77400000,
        "interestIncome":36000000,
        "interestExpense":113400000,
        "depreciationAndAmortization":373300000,
        "ebitda":1898000000,
        "ebit":1524700000,
        "nonOperatingIncomeExcludingInterest":-36000000,
        "operatingIncome":1488700000,
        "totalOtherIncomeExpensesNet":-77400000,
        "incomeBeforeTax":1411300000,
        "incomeTaxExpense":257100000,
        "netIncomeFromContinuingOperations":1154200000,
        "netIncomeFromDiscontinuedOperations":0,
        "otherAdjustmentsToNetIncome":0,
        "netIncome":1153400000,
        "netIncomeDeductions":0,
        "bottomLineNetIncome":1153400000,
        "eps":0.98,
        "epsDiluted":0.97,
        "weightedAverageShsOut":1178500000,
        "weightedAverageShsOutDil":1186200000,
        "symbol_1":"SBUX",
        "reportedCurrency_1":"USD",
        "cik_1":"0000829224",
        "filingDate_1":"2021-07-27",
        "acceptedDate_1":"2021-07-27 16:57:11",
        "fiscalYear_1":"2021",
        "period_1":"Q3",
        "netIncome_1":1154100000,
        "depreciationAndAmortization_1":373300000,
        "deferredIncomeTax":-88000000,
        "stockBasedCompensation":80000000,
        "changeInWorkingCapital":-111700000,
        "accountsReceivables":-25900000,
        "inventory":-42900000,
        "accountsPayables":86900000,
        "otherWorkingCapital":-129800000,
        "otherNonCashItems":341200000,
        "netCashProvidedByOperatingActivities":1748900000,
        "investmentsInPropertyPlantAndEquipment":-337800000,
        "acquisitionsNet":0,
        "purchasesOfInvestments":-45600000,
        "salesMaturitiesOfInvestments":18400000,
        "otherInvestingActivities":-42200000,
        "netCashProvidedByInvestingActivities":-407200000,
        "netDebtIssuance":-13400000,
        "longTermNetDebtIssuance":0,
        "shortTermNetDebtIssuance":-13400000,
        "netStockIssuance":57200000,
        "netCommonStockIssuance":57200000,
        "commonStockIssuance":57200000,
        "commonStockRepurchased":0,
        "netPreferredStockIssuance":0,
        "netDividendsPaid":-530200000,
        "commonDividendsPaid":-530200000,
        "preferredDividendsPaid":0,
        "otherFinancingActivities":-4100000,
        "netCashProvidedByFinancingActivities":-490500000,
        "effectOfForexChangesOnCash":21200000,
        "netChangeInCash":872400000,
        "cashAtEndOfPeriod":4753100000,
        "cashAtBeginningOfPeriod":3880700000,
        "operatingCashFlow":1748900000,
        "capitalExpenditure":-337800000,
        "freeCashFlow":1411100000,
        "incomeTaxesPaid":171700000,
        "interestPaid":122800000,
        "symbol_2":"SBUX",
        "stockPrice":112.24,
        "numberOfShares":1178500000,
        "marketCapitalization":132274840000,
        "minusCashAndCashEquivalents":4753100000,
        "addTotalDebt":23524300000,
        "enterpriseValue":151046040000,
        "revenue_qoq":12.425014997,
        "revenue_yoy":null,
        "netIncome_qoq":74.9165908402,
        "netIncome_yoy":null,
        "operatingCashFlow_qoq":97.8841366825,
        "operatingCashFlow_yoy":null,
        "eps_qoq":75.0,
        "eps_yoy":null
    },
    {
        "date":"2021-03-28",
        "symbol":"SBUX",
        "reportedCurrency":"USD",
        "cik":"0000829224",
        "filingDate":"2021-04-27",
        "acceptedDate":"2021-04-27 16:47:04",
        "fiscalYear":"2021",
        "period":"Q2",
        "revenue":6668000000,
        "costOfRevenue":4815700000,
        "grossProfit":1852300000,
        "researchAndDevelopmentExpenses":0,
        "generalAndAdministrativeExpenses":464400000,
        "sellingAndMarketingExpenses":0,
        "sellingGeneralAndAdministrativeExpenses":464400000,
        "otherExpenses":400300000,
        "operatingExpenses":864700000,
        "costAndExpenses":5680400000,
        "netInterestIncome":-97700000,
        "interestIncome":17300000,
        "interestExpense":115000000,
        "depreciationAndAmortization":384500000,
        "ebitda":1389400000,
        "ebit":1004900000,
        "nonOperatingIncomeExcludingInterest":-17300000,
        "operatingIncome":987600000,
        "totalOtherIncomeExpensesNet":-97700000,
        "incomeBeforeTax":889900000,
        "incomeTaxExpense":230500000,
        "netIncomeFromContinuingOperations":659400000,
        "netIncomeFromDiscontinuedOperations":0,
        "otherAdjustmentsToNetIncome":0,
        "netIncome":659400000,
        "netIncomeDeductions":0,
        "bottomLineNetIncome":659400000,
        "eps":0.56,
        "epsDiluted":0.56,
        "weightedAverageShsOut":1177500000,
        "weightedAverageShsOutDil":1184800000,
        "symbol_1":"SBUX",
        "reportedCurrency_1":"USD",
        "cik_1":"0000829224",
        "filingDate_1":"2021-04-27",
        "acceptedDate_1":"2021-04-27 16:47:04",
        "fiscalYear_1":"2021",
        "period_1":"Q2",
        "netIncome_1":659400000,
        "depreciationAndAmortization_1":384500000,
        "deferredIncomeTax":-19100000,
        "stockBasedCompensation":76000000,
        "changeInWorkingCapital":-554900000,
        "accountsReceivables":-6800000,
        "inventory":-38800000,
        "accountsPayables":-3500000,
        "otherWorkingCapital":-505800000,
        "otherNonCashItems":337900000,
        "netCashProvidedByOperatingActivities":883800000,
        "investmentsInPropertyPlantAndEquipment":-323700000,
        "acquisitionsNet":0,
        "purchasesOfInvestments":-186200000,
        "salesMaturitiesOfInvestments":205800000,
        "otherInvestingActivities":-2400000,
        "netCashProvidedByInvestingActivities":-306500000,
        "netDebtIssuance":-1211900000,
        "longTermNetDebtIssuance":-1046500000,
        "shortTermNetDebtIssuance":-165400000,
        "netStockIssuance":31600000,
        "netCommonStockIssuance":31600000,
        "commonStockIssuance":31600000,
        "commonStockRepurchased":0,
        "netPreferredStockIssuance":0,
        "netDividendsPaid":-529800000,
        "commonDividendsPaid":-529800000,
        "preferredDividendsPaid":0,
        "otherFinancingActivities":-1500000,
        "netCashProvidedByFinancingActivities":-1711600000,
        "effectOfForexChangesOnCash":-13100000,
        "netChangeInCash":-1147400000,
        "cashAtEndOfPeriod":3880700000,
        "cashAtBeginningOfPeriod":5028100000,
        "operatingCashFlow":883800000,
        "capitalExpenditure":-323700000,
        "freeCashFlow":560100000,
        "incomeTaxesPaid":126800000,
        "interestPaid":120800000,
        "symbol_2":"SBUX",
        "stockPrice":109.13,
        "numberOfShares":1177500000,
        "marketCapitalization":128500575000,
        "minusCashAndCashEquivalents":3880700000,
        "addTotalDebt":23522700000,
        "enterpriseValue":148142575000,
        "revenue_qoq":-1.2060331289,
        "revenue_yoy":null,
        "netIncome_qoq":5.9787849566,
        "netIncome_yoy":null,
        "operatingCashFlow_qoq":-51.8548782481,
        "operatingCashFlow_yoy":null,
        "eps_qoq":5.6603773585,
        "eps_yoy":null
    },
    {
        "date":"2020-12-27",
        "symbol":"SBUX",
        "reportedCurrency":"USD",
        "cik":"0000829224",
        "filingDate":"2021-01-26",
        "acceptedDate":"2021-01-26 16:40:03",
        "fiscalYear":"2021",
        "period":"Q1",
        "revenue":6749400000,
        "costOfRevenue":4916400000,
        "grossProfit":1833000000,
        "researchAndDevelopmentExpenses":0,
        "generalAndAdministrativeExpenses":472100000,
        "sellingAndMarketingExpenses":0,
        "sellingGeneralAndAdministrativeExpenses":472100000,
        "otherExpenses":447400000,
        "operatingExpenses":919500000,
        "costAndExpenses":5835900000,
        "netInterestIncome":-105200000,
        "interestIncome":15500000,
        "interestExpense":120700000,
        "depreciationAndAmortization":388400000,
        "ebitda":1317400000,
        "ebit":929000000,
        "nonOperatingIncomeExcludingInterest":-15500000,
        "operatingIncome":913500000,
        "totalOtherIncomeExpensesNet":-105200000,
        "incomeBeforeTax":808300000,
        "incomeTaxExpense":186100000,
        "netIncomeFromContinuingOperations":622200000,
        "netIncomeFromDiscontinuedOperations":0,
        "otherAdjustmentsToNetIncome":0,
        "netIncome":622200000,
        "netIncomeDeductions":0,
        "bottomLineNetIncome":622200000,
        "eps":0.53,
        "epsDiluted":0.53,
        "weightedAverageShsOut":1175000000,
        "weightedAverageShsOutDil":1183000000,
        "symbol_1":"SBUX",
        "reportedCurrency_1":"USD",
        "cik_1":"0000829224",
        "filingDate_1":"2021-01-26",
        "acceptedDate_1":"2021-01-26 16:40:03",
        "fiscalYear_1":"2021",
        "period_1":"Q1",
        "netIncome_1":622200000,
        "depreciationAndAmortization_1":388400000,
        "deferredIncomeTax":-6100000,
        "stockBasedCompensation":99300000,
        "changeInWorkingCapital":293000000,
        "accountsReceivables":19600000,
        "inventory":90100000,
        "accountsPayables":24800000,
        "otherWorkingCapital":158500000,
        "otherNonCashItems":438900000,
        "netCashProvidedByOperatingActivities":1835700000,
        "investmentsInPropertyPlantAndEquipment":-324200000,
        "acquisitionsNet":0,
        "purchasesOfInvestments":-135500000,
        "salesMaturitiesOfInvestments":204900000,
        "otherInvestingActivities":-17700000,
        "netCashProvidedByInvestingActivities":-272500000,
        "netDebtIssuance":-451800000,
        "longTermNetDebtIssuance":-500000000,
        "shortTermNetDebtIssuance":48200000,
        "netStockIssuance":102800000,
        "netCommonStockIssuance":102800000,
        "commonStockIssuance":102800000,
        "commonStockRepurchased":0,
        "netPreferredStockIssuance":0,
        "netDividendsPaid":-528200000,
        "commonDividendsPaid":-528200000,
        "preferredDividendsPaid":0,
        "otherFinancingActivities":-88600000,
        "netCashProvidedByFinancingActivities":-965800000,
        "effectOfForexChangesOnCash":79800000,
        "netChangeInCash":677200000,
        "cashAtEndOfPeriod":5028100000,
        "cashAtBeginningOfPeriod":4350900000,
        "operatingCashFlow":1835700000,
        "capitalExpenditure":-324200000,
        "freeCashFlow":1511500000,
        "incomeTaxesPaid":109400000,
        "interestPaid":130000000,
        "symbol_2":"SBUX",
        "stockPrice":104.34,
        "numberOfShares":1175000000,
        "marketCapitalization":122599500000,
        "minusCashAndCashEquivalents":5028100000,
        "addTotalDebt":24938200000,
        "enterpriseValue":142509600000,
        "revenue_qoq":null,
        "revenue_yoy":null,
        "netIncome_qoq":null,
        "netIncome_yoy":null,
        "operatingCashFlow_qoq":null,
        "operatingCashFlow_yoy":null,
        "eps_qoq":null,
        "eps_yoy":null
    }
]