[
    {
        "date":"2025-09-30",
        "symbol":"SHOP",
        "reportedCurrency":"USD",
        "cik":"0001594805",
        "filingDate":"2025-11-04",
        "acceptedDate":"2025-11-04 07:03:12",
        "fiscalYear":"2025",
        "period":"Q3",
        "revenue":2844000000,
        "costOfRevenue":1453000000,
        "grossProfit":1391000000,
        "researchAndDevelopmentExpenses":375000000,
        "generalAndAdministrativeExpenses":115000000,
        "sellingAndMarketingExpenses":410000000,
        "sellingGeneralAndAdministrativeExpenses":525000000,
        "otherExpenses":148000000,
        "operatingExpenses":1048000000,
        "costAndExpenses":2501000000,
        "netInterestIncome":81000000,
        "interestIncome":81000000,
        "interestExpense":0,
        "depreciationAndAmortization":8000000,
        "ebitda":316000000,
        "ebit":308000000,
        "nonOperatingIncomeExcludingInterest":35000000,
        "operatingIncome":343000000,
        "totalOtherIncomeExpensesNet":-35000000,
        "incomeBeforeTax":308000000,
        "incomeTaxExpense":44000000,
        "netIncomeFromContinuingOperations":264000000,
        "netIncomeFromDiscontinuedOperations":0,
        "otherAdjustmentsToNetIncome":0,
        "netIncome":264000000,
        "netIncomeDeductions":0,
        "bottomLineNetIncome":264000000,
        "eps":0.2,
        "epsDiluted":0.2,
        "weightedAverageShsOut":1300069685,
        "weightedAverageShsOutDil":1312872709,
        "symbol_1":"SHOP",
        "reportedCurrency_1":"USD",
        "cik_1":"0001594805",
        "filingDate_1":"2025-11-04",
        "acceptedDate_1":"2025-11-04 07:03:12",
        "fiscalYear_1":"2025",
        "period_1":"Q3",
        "netIncome_1":264000000,
        "depreciationAndAmortization_1":8000000,
        "deferredIncomeTax":-5000000,
        "stockBasedCompensation":107000000,
        "changeInWorkingCapital":-70000000,
        "accountsReceivables":0,
        "inventory":0,
        "accountsPayables":0,
        "otherWorkingCapital":-70000000,
        "otherNonCashItems":209000000,
        "netCashProvidedByOperatingActivities":513000000,
        "investmentsInPropertyPlantAndEquipment":-6000000,
        "acquisitionsNet":0,
        "purchasesOfInvestments":-1468000000,
        "salesMaturitiesOfInvestments":1956000000,
        "otherInvestingActivities":-147000000,
        "netCashProvidedByInvestingActivities":335000000,
        "netDebtIssuance":0,
        "longTermNetDebtIssuance":0,
        "shortTermNetDebtIssuance":0,
        "netStockIssuance":0,
        "netCommonStockIssuance":0,
        "commonStockIssuance":0,
        "commonStockRepurchased":0,
        "netPreferredStockIssuance":0,
        "netDividendsPaid":0,
        "commonDividendsPaid":0,
        "preferredDividendsPaid":0,
        "otherFinancingActivities":24000000,
        "netCashProvidedByFinancingActivities":24000000,
        "effectOfForexChangesOnCash":0,
        "netChangeInCash":872000000,
        "cashAtEndOfPeriod":2414000000,
        "cashAtBeginningOfPeriod":1542000000,
        "operatingCashFlow":513000000,
        "capitalExpenditure":-6000000,
        "freeCashFlow":507000000,
        "incomeTaxesPaid":0,
        "interestPaid":0,
        "symbol_2":"SHOP",
        "stockPrice":148.61,
        "numberOfShares":1300069685,
        "marketCapitalization":193203355887,
        "minusCashAndCashEquivalents":2411646832,
        "addTotalDebt":1113913098,
        "enterpriseValue":191905622153,
        "revenue_qoq":6.1194029851,
        "revenue_yoy":31.5448658649,
        "netIncome_qoq":-70.8609271523,
        "netIncome_yoy":-68.115942029,
        "operatingCashFlow_qoq":17.6400028514,
        "operatingCashFlow_yoy":21.2765957447,
        "eps_qoq":-71.4285714286,
        "eps_yoy":-68.75
    },
    {
        "date":"2025-06-30",
        "symbol":"SHOP",
        "reportedCurrency":"USD",
        "cik":"0001594805",
        "filingDate":"2025-08-06",
        "acceptedDate":"2025-08-06 07:06:12",
        "fiscalYear":"2025",
        "period":"Q2",
        "revenue":2680000000,
        "costOfRevenue":1378000000,
        "grossProfit":1302000000,
        "researchAndDevelopmentExpenses":394000000,
        "generalAndAdministrativeExpenses":122000000,
        "sellingAndMarketingExpenses":415000000,
        "sellingGeneralAndAdministrativeExpenses":537000000,
        "otherExpenses":80000000,
        "operatingExpenses":1011000000,
        "costAndExpenses":2389000000,
        "netInterestIncome":106000000,
        "interestIncome":106000000,
        "interestExpense":0,
        "depreciationAndAmortization":8000000,
        "ebitda":379000000,
        "ebit":371000000,
        "nonOperatingIncomeExcludingInterest":-80000000,
        "operatingIncome":291000000,
        "totalOtherIncomeExpensesNet":788000000,
        "incomeBeforeTax":1079000000,
        "incomeTaxExpense":173000000,
        "netIncomeFromContinuingOperations":906000000,
        "netIncomeFromDiscontinuedOperations":0,
        "otherAdjustmentsToNetIncome":0,
        "netIncome":906000000,
        "netIncomeDeductions":0,
        "bottomLineNetIncome":906000000,
        "eps":0.7,
        "epsDiluted":0.69,
        "weightedAverageShsOut":1297746050,
        "weightedAverageShsOutDil":1308993838,
        "symbol_1":"SHOP",
        "reportedCurrency_1":"USD",
        "cik_1":"0001594805",
        "filingDate_1":"2025-08-06",
        "acceptedDate_1":"2025-08-06 07:06:12",
        "fiscalYear_1":"2025",
        "period_1":"Q2",
        "netIncome_1":920928541,
        "depreciationAndAmortization_1":8131819,
        "deferredIncomeTax":103864989,
        "stockBasedCompensation":-7000000,
        "changeInWorkingCapital":-36113065,
        "accountsReceivables":0,
        "inventory":0,
        "accountsPayables":0,
        "otherWorkingCapital":-36113065,
        "otherNonCashItems":-553736130,
        "netCashProvidedByOperatingActivities":436076154,
        "investmentsInPropertyPlantAndEquipment":-6134798,
        "acquisitionsNet":1055629,
        "purchasesOfInvestments":-1556315673,
        "salesMaturitiesOfInvestments":1490198855,
        "otherInvestingActivities":-177963958,
        "netCashProvidedByInvestingActivities":-249159945,
        "netDebtIssuance":0,
        "longTermNetDebtIssuance":0,
        "shortTermNetDebtIssuance":0,
        "netStockIssuance":44429288,
        "netCommonStockIssuance":44429288,
        "commonStockIssuance":44429288,
        "commonStockRepurchased":0,
        "netPreferredStockIssuance":0,
        "netDividendsPaid":0,
        "commonDividendsPaid":0,
        "preferredDividendsPaid":0,
        "otherFinancingActivities":0,
        "netCashProvidedByFinancingActivities":44429288,
        "effectOfForexChangesOnCash":5022391,
        "netChangeInCash":236367888,
        "cashAtEndOfPeriod":1545431335,
        "cashAtBeginningOfPeriod":1309063447,
        "operatingCashFlow":436076154,
        "capitalExpenditure":-6134801,
        "freeCashFlow":429941352,
        "incomeTaxesPaid":61000000,
        "interestPaid":0,
        "symbol_2":"SHOP",
        "stockPrice":115.35,
        "numberOfShares":1297746050,
        "marketCapitalization":149695006867,
        "minusCashAndCashEquivalents":1545431335,
        "addTotalDebt":1141534559,
        "enterpriseValue":149291110091,
        "revenue_qoq":13.5593220339,
        "revenue_yoy":31.0513447433,
        "netIncome_qoq":-232.8445747801,
        "netIncome_yoy":429.8245614035,
        "operatingCashFlow_qoq":18.821840327,
        "operatingCashFlow_yoy":28.2576923529,
        "eps_qoq":-232.0754716981,
        "eps_yoy":438.4615384615
    },
    {
        "date":"2025-03-31",
        "symbol":"SHOP",
        "reportedCurrency":"USD",
        "cik":"0001594805",
        "filingDate":"2025-05-08",
        "acceptedDate":"2025-05-08 07:02:29",
        "fiscalYear":"2025",
        "period":"Q1",
        "revenue":2360000000,
        "costOfRevenue":1191000000,
        "grossProfit":1169000000,
        "researchAndDevelopmentExpenses":377000000,
        "generalAndAdministrativeExpenses":109000000,
        "sellingAndMarketingExpenses":405000000,
        "sellingGeneralAndAdministrativeExpenses":514000000,
        "otherExpenses":75000000,
        "operatingExpenses":966000000,
        "costAndExpenses":2157000000,
        "netInterestIncome":65000000,
        "interestIncome":65000000,
        "interestExpense":0,
        "depreciationAndAmortization":8000000,
        "ebitda":286000000,
        "ebit":278000000,
        "nonOperatingIncomeExcludingInterest":-75000000,
        "operatingIncome":203000000,
        "totalOtherIncomeExpensesNet":-973000000,
        "incomeBeforeTax":-770000000,
        "incomeTaxExpense":-88000000,
        "netIncomeFromContinuingOperations":-682000000,
        "netIncomeFromDiscontinuedOperations":0,
        "otherAdjustmentsToNetIncome":0,
        "netIncome":-682000000,
        "netIncomeDeductions":0,
        "bottomLineNetIncome":-682000000,
        "eps":-0.53,
        "epsDiluted":-0.53,
        "weightedAverageShsOut":1295377000,
        "weightedAverageShsOutDil":1295377000,
        "symbol_1":"SHOP",
        "reportedCurrency_1":"USD",
        "cik_1":"0001594805",
        "filingDate_1":"2025-05-08",
        "acceptedDate_1":"2025-05-08 07:02:29",
        "fiscalYear_1":"2025",
        "period_1":"Q1",
        "netIncome_1":-682000000,
        "depreciationAndAmortization_1":8000000,
        "deferredIncomeTax":-129000000,
        "stockBasedCompensation":114000000,
        "changeInWorkingCapital":-6000000,
        "accountsReceivables":0,
        "inventory":0,
        "accountsPayables":0,
        "otherWorkingCapital":-6000000,
        "otherNonCashItems":1062000000,
        "netCashProvidedByOperatingActivities":367000000,
        "investmentsInPropertyPlantAndEquipment":-4000000,
        "acquisitionsNet":-56000000,
        "purchasesOfInvestments":-1722000000,
        "salesMaturitiesOfInvestments":1331000000,
        "otherInvestingActivities":-168000000,
        "netCashProvidedByInvestingActivities":-619000000,
        "netDebtIssuance":0,
        "longTermNetDebtIssuance":0,
        "shortTermNetDebtIssuance":0,
        "netStockIssuance":58821730,
        "netCommonStockIssuance":58821730,
        "commonStockIssuance":58821730,
        "commonStockRepurchased":0,
        "netPreferredStockIssuance":0,
        "netDividendsPaid":0,
        "commonDividendsPaid":0,
        "preferredDividendsPaid":0,
        "otherFinancingActivities":0,
        "netCashProvidedByFinancingActivities":59000000,
        "effectOfForexChangesOnCash":4000000,
        "netChangeInCash":-189000000,
        "cashAtEndOfPeriod":1309000000,
        "cashAtBeginningOfPeriod":1498000000,
        "operatingCashFlow":367000000,
        "capitalExpenditure":-4000000,
        "freeCashFlow":363000000,
        "incomeTaxesPaid":27000000,
        "interestPaid":0,
        "symbol_2":"SHOP",
        "stockPrice":95.48,
        "numberOfShares":1295377000,
        "marketCapitalization":123682595960,
        "minusCashAndCashEquivalents":1309000000,
        "addTotalDebt":1138000000,
        "enterpriseValue":123511595960,
        "revenue_qoq":-16.0739687055,
        "revenue_yoy":26.8135411069,
        "netIncome_qoq":-152.7455529776,
        "netIncome_yoy":149.8168498168,
        "operatingCashFlow_qoq":-40.325203252,
        "operatingCashFlow_yoy":54.2016806723,
        "eps_qoq":-153.0,
        "eps_yoy":152.380952381
    },
    {
        "date":"2024-12-31",
        "symbol":"SHOP",
        "reportedCurrency":"USD",
        "cik":"0001594805",
        "filingDate":"2025-04-29",
        "acceptedDate":"2025-04-29 07:02:25",
        "fiscalYear":"2024",
        "period":"Q4",
        "revenue":2812000000,
        "costOfRevenue":1460000000,
        "grossProfit":1352000000,
        "researchAndDevelopmentExpenses":351000000,
        "generalAndAdministrativeExpenses":112000000,
        "sellingAndMarketingExpenses":348000000,
        "sellingGeneralAndAdministrativeExpenses":460000000,
        "otherExpenses":76000000,
        "operatingExpenses":887000000,
        "costAndExpenses":2347000000,
        "netInterestIncome":72000000,
        "interestIncome":72000000,
        "interestExpense":0,
        "depreciationAndAmortization":8000000,
        "ebitda":549000000,
        "ebit":541000000,
        "nonOperatingIncomeExcludingInterest":-76000000,
        "operatingIncome":465000000,
        "totalOtherIncomeExpensesNet":956000000,
        "incomeBeforeTax":1421000000,
        "incomeTaxExpense":128000000,
        "netIncomeFromContinuingOperations":1293000000,
        "netIncomeFromDiscontinuedOperations":0,
        "otherAdjustmentsToNetIncome":0,
        "netIncome":1293000000,
        "netIncomeDeductions":0,
        "bottomLineNetIncome":1293000000,
        "eps":1.0,
        "epsDiluted":1.0,
        "weightedAverageShsOut":1294580000,
        "weightedAverageShsOutDil":1294580000,
        "symbol_1":"SHOP",
        "reportedCurrency_1":"USD",
        "cik_1":"0001594805",
        "filingDate_1":"2025-04-29",
        "acceptedDate_1":"2025-04-29 07:02:25",
        "fiscalYear_1":"2024",
        "period_1":"Q4",
        "netIncome_1":1293000000,
        "depreciationAndAmortization_1":8000000,
        "deferredIncomeTax":72000000,
        "stockBasedCompensation":109000000,
        "changeInWorkingCapital":-27000000,
        "accountsReceivables":0,
        "inventory":0,
        "accountsPayables":0,
        "otherWorkingCapital":-27000000,
        "otherNonCashItems":-840000000,
        "netCashProvidedByOperatingActivities":615000000,
        "investmentsInPropertyPlantAndEquipment":-4000000,
        "acquisitionsNet":-26000000,
        "purchasesOfInvestments":-2339000000,
        "salesMaturitiesOfInvestments":1810000000,
        "otherInvestingActivities":-102000000,
        "netCashProvidedByInvestingActivities":-661000000,
        "netDebtIssuance":0,
        "longTermNetDebtIssuance":0,
        "shortTermNetDebtIssuance":0,
        "netStockIssuance":0,
        "netCommonStockIssuance":0,
        "commonStockIssuance":0,
        "commonStockRepurchased":0,
        "netPreferredStockIssuance":0,
        "netDividendsPaid":0,
        "commonDividendsPaid":0,
        "preferredDividendsPaid":0,
        "otherFinancingActivities":49000000,
        "netCashProvidedByFinancingActivities":49000000,
        "effectOfForexChangesOnCash":-12000000,
        "netChangeInCash":-9000000,
        "cashAtEndOfPeriod":1498000000,
        "cashAtBeginningOfPeriod":1507000000,
        "operatingCashFlow":615000000,
        "capitalExpenditure":-4000000,
        "freeCashFlow":611000000,
        "incomeTaxesPaid":53000000,
        "interestPaid":0,
        "symbol_2":"SHOP",
        "stockPrice":106.33,
        "numberOfShares":1294580000,
        "marketCapitalization":137652691400,
        "minusCashAndCashEquivalents":1498000000,
        "addTotalDebt":1126000000,
        "enterpriseValue":137280691400,
        "revenue_qoq":30.0647548566,
        "revenue_yoy":31.1567164179,
        "netIncome_qoq":56.1594202899,
        "netIncome_yoy":96.803652968,
        "operatingCashFlow_qoq":45.390070922,
        "operatingCashFlow_yoy":37.2767857143,
        "eps_qoq":56.25,
        "eps_yoy":96.0784313725
    },
    {
        "date":"2024-09-30",
        "symbol":"SHOP",
        "reportedCurrency":"USD",
        "cik":"0001594805",
        "filingDate":"2024-11-12",
        "acceptedDate":"2024-11-12 07:05:55",
        "fiscalYear":"2024",
        "period":"Q3",
        "revenue":2162000000,
        "costOfRevenue":1044000000,
        "grossProfit":1118000000,
        "researchAndDevelopmentExpenses":332000000,
        "generalAndAdministrativeExpenses":114000000,
        "sellingAndMarketingExpenses":331000000,
        "sellingGeneralAndAdministrativeExpenses":445000000,
        "otherExpenses":58000000,
        "operatingExpenses":835000000,
        "costAndExpenses":1879000000,
        "netInterestIncome":77000000,
        "interestIncome":77000000,
        "interestExpense":0,
        "depreciationAndAmortization":8000000,
        "ebitda":349000000,
        "ebit":341000000,
        "nonOperatingIncomeExcludingInterest":-58000000,
        "operatingIncome":283000000,
        "totalOtherIncomeExpensesNet":577000000,
        "incomeBeforeTax":860000000,
        "incomeTaxExpense":32000000,
        "netIncomeFromContinuingOperations":828000000,
        "netIncomeFromDiscontinuedOperations":0,
        "otherAdjustmentsToNetIncome":0,
        "netIncome":828000000,
        "netIncomeDeductions":0,
        "bottomLineNetIncome":828000000,
        "eps":0.64,
        "epsDiluted":0.64,
        "weightedAverageShsOut":1290585000,
        "weightedAverageShsOutDil":1301601000,
        "symbol_1":"SHOP",
        "reportedCurrency_1":"USD",
        "cik_1":"0001594805",
        "filingDate_1":"2024-11-12",
        "acceptedDate_1":"2024-11-12 07:05:55",
        "fiscalYear_1":"2024",
        "period_1":"Q3",
        "netIncome_1":828000000,
        "depreciationAndAmortization_1":8000000,
        "deferredIncomeTax":3000000,
        "stockBasedCompensation":110000000,
        "changeInWorkingCapital":-46000000,
        "accountsReceivables":0,
        "inventory":0,
        "accountsPayables":0,
        "otherWorkingCapital":-46000000,
        "otherNonCashItems":-480000000,
        "netCashProvidedByOperatingActivities":423000000,
        "investmentsInPropertyPlantAndEquipment":-2000000,
        "acquisitionsNet":-8000000,
        "purchasesOfInvestments":-2086000000,
        "salesMaturitiesOfInvestments":1837000000,
        "otherInvestingActivities":-215000000,
        "netCashProvidedByInvestingActivities":-474000000,
        "netDebtIssuance":0,
        "longTermNetDebtIssuance":0,
        "shortTermNetDebtIssuance":0,
        "netStockIssuance":0,
        "netCommonStockIssuance":0,
        "commonStockIssuance":0,
        "commonStockRepurchased":0,
        "netPreferredStockIssuance":0,
        "netDividendsPaid":0,
        "commonDividendsPaid":0,
        "preferredDividendsPaid":0,
        "otherFinancingActivities":6000000,
        "netCashProvidedByFinancingActivities":6000000,
        "effectOfForexChangesOnCash":11000000,
        "netChangeInCash":-34000000,
        "cashAtEndOfPeriod":1507000000,
        "cashAtBeginningOfPeriod":1541000000,
        "operatingCashFlow":423000000,
        "capitalExpenditure":-2000000,
        "freeCashFlow":421000000,
        "incomeTaxesPaid":14000000,
        "interestPaid":0,
        "symbol_2":"SHOP",
        "stockPrice":80.14,
        "numberOfShares":1290585000,
        "marketCapitalization":103427481900,
        "minusCashAndCashEquivalents":1507000000,
        "addTotalDebt":1141000000,
        "enterpriseValue":103061481900,
        "revenue_qoq":5.7212713936,
        "revenue_yoy":26.1376896149,
        "netIncome_qoq":384.2105263158,
        "netIncome_yoy":15.3203342618,
        "operatingCashFlow_qoq":24.4117647059,
        "operatingCashFlow_yoy":52.1582733813,
        "eps_qoq":392.3076923077,
        "eps_yoy":14.2857142857
    },
    {
        "date":"2024-06-30",
        "symbol":"SHOP",
        "reportedCurrency":"USD",
        "cik":"0001594805",
        "filingDate":"2024-08-07",
        "acceptedDate":"2024-08-07 07:05:45",
        "fiscalYear":"2024",
        "period":"Q2",
        "revenue":2045000000,
        "costOfRevenue":1000000000,
        "grossProfit":1045000000,
        "researchAndDevelopmentExpenses":349000000,
        "generalAndAdministrativeExpenses":60000000,
        "sellingAndMarketingExpenses":353000000,
        "sellingGeneralAndAdministrativeExpenses":413000000,
        "otherExpenses":42000000,
        "operatingExpenses":804000000,
        "costAndExpenses":1804000000,
        "netInterestIncome":80000000,
        "interestIncome":80000000,
        "interestExpense":0,
        "depreciationAndAmortization":10000000,
        "ebitda":293000000,
        "ebit":283000000,
        "nonOperatingIncomeExcludingInterest":-42000000,
        "operatingIncome":241000000,
        "totalOtherIncomeExpensesNet":-38000000,
        "incomeBeforeTax":203000000,
        "incomeTaxExpense":32000000,
        "netIncomeFromContinuingOperations":171000000,
        "netIncomeFromDiscontinuedOperations":0,
        "otherAdjustmentsToNetIncome":0,
        "netIncome":171000000,
        "netIncomeDeductions":0,
        "bottomLineNetIncome":171000000,
        "eps":0.13,
        "epsDiluted":0.13,
        "weightedAverageShsOut":1288900000,
        "weightedAverageShsOutDil":1299913000,
        "symbol_1":"SHOP",
        "reportedCurrency_1":"USD",
        "cik_1":"0001594805",
        "filingDate_1":"2024-08-07",
        "acceptedDate_1":"2024-08-07 07:05:45",
        "fiscalYear_1":"2024",
        "period_1":"Q2",
        "netIncome_1":171000000,
        "depreciationAndAmortization_1":10000000,
        "deferredIncomeTax":2000000,
        "stockBasedCompensation":106000000,
        "changeInWorkingCapital":-72000000,
        "accountsReceivables":0,
        "inventory":0,
        "accountsPayables":0,
        "otherWorkingCapital":-72000000,
        "otherNonCashItems":123000000,
        "netCashProvidedByOperatingActivities":340000000,
        "investmentsInPropertyPlantAndEquipment":-7000000,
        "acquisitionsNet":-132000000,
        "purchasesOfInvestments":-1834000000,
        "salesMaturitiesOfInvestments":1663000000,
        "otherInvestingActivities":-114000000,
        "netCashProvidedByInvestingActivities":-424000000,
        "netDebtIssuance":0,
        "longTermNetDebtIssuance":0,
        "shortTermNetDebtIssuance":0,
        "netStockIssuance":0,
        "netCommonStockIssuance":0,
        "commonStockIssuance":0,
        "commonStockRepurchased":0,
        "netPreferredStockIssuance":0,
        "netDividendsPaid":0,
        "commonDividendsPaid":0,
        "preferredDividendsPaid":0,
        "otherFinancingActivities":3000000,
        "netCashProvidedByFinancingActivities":3000000,
        "effectOfForexChangesOnCash":-1000000,
        "netChangeInCash":-82000000,
        "cashAtEndOfPeriod":1541000000,
        "cashAtBeginningOfPeriod":1623000000,
        "operatingCashFlow":340000000,
        "capitalExpenditure":-7000000,
        "freeCashFlow":333000000,
        "incomeTaxesPaid":0,
        "interestPaid":0,
        "symbol_2":"SHOP",
        "stockPrice":64.63,
        "numberOfShares":1288900000,
        "marketCapitalization":83301607000,
        "minusCashAndCashEquivalents":1541000000,
        "addTotalDebt":1137000000,
        "enterpriseValue":82897607000,
        "revenue_qoq":9.8871574422,
        "revenue_yoy":20.720188902,
        "netIncome_qoq":-162.6373626374,
        "netIncome_yoy":-113.0434782609,
        "operatingCashFlow_qoq":42.8571428571,
        "operatingCashFlow_yoy":188.1355932203,
        "eps_qoq":-161.9047619048,
        "eps_yoy":-112.7450980392
    },
    {
        "date":"2024-03-31",
        "symbol":"SHOP",
        "reportedCurrency":"USD",
        "cik":"0001594805",
        "filingDate":"2024-05-08",
        "acceptedDate":"2024-05-08 07:05:10",
        "fiscalYear":"2024",
        "period":"Q1",
        "revenue":1861000000,
        "costOfRevenue":904000000,
        "grossProfit":957000000,
        "researchAndDevelopmentExpenses":335000000,
        "generalAndAdministrativeExpenses":124000000,
        "sellingAndMarketingExpenses":361000000,
        "sellingGeneralAndAdministrativeExpenses":485000000,
        "otherExpenses":51000000,
        "operatingExpenses":871000000,
        "costAndExpenses":1775000000,
        "netInterestIncome":79000000,
        "interestIncome":79000000,
        "interestExpense":0,
        "depreciationAndAmortization":10000000,
        "ebitda":96000000,
        "ebit":86000000,
        "nonOperatingIncomeExcludingInterest":0,
        "operatingIncome":86000000,
        "totalOtherIncomeExpensesNet":-342000000,
        "incomeBeforeTax":-256000000,
        "incomeTaxExpense":17000000,
        "netIncomeFromContinuingOperations":-273000000,
        "netIncomeFromDiscontinuedOperations":0,
        "otherAdjustmentsToNetIncome":0,
        "netIncome":-273000000,
        "netIncomeDeductions":0,
        "bottomLineNetIncome":-273000000,
        "eps":-0.21,
        "epsDiluted":-0.21,
        "weightedAverageShsOut":1287377000,
        "weightedAverageShsOutDil":1287377000,
        "symbol_1":"SHOP",
        "reportedCurrency_1":"USD",
        "cik_1":"0001594805",
        "filingDate_1":"2024-05-08",
        "acceptedDate_1":"2024-05-08 07:05:10",
        "fiscalYear_1":"2024",
        "period_1":"Q1",
        "netIncome_1":-273000000,
        "depreciationAndAmortization_1":10000000,
        "deferredIncomeTax":1000000,
        "stockBasedCompensation":105000000,
        "changeInWorkingCapital":-21000000,
        "accountsReceivables":0,
        "inventory":0,
        "accountsPayables":0,
        "otherWorkingCapital":-21000000,
        "otherNonCashItems":416000000,
        "netCashProvidedByOperatingActivities":238000000,
        "investmentsInPropertyPlantAndEquipment":-6000000,
        "acquisitionsNet":-1000000,
        "purchasesOfInvestments":-2137000000,
        "salesMaturitiesOfInvestments":2147000000,
        "otherInvestingActivities":-30000000,
        "netCashProvidedByInvestingActivities":-27000000,
        "netDebtIssuance":0,
        "longTermNetDebtIssuance":0,
        "shortTermNetDebtIssuance":0,
        "netStockIssuance":0,
        "netCommonStockIssuance":0,
        "commonStockIssuance":0,
        "commonStockRepurchased":0,
        "netPreferredStockIssuance":0,
        "netDividendsPaid":0,
        "commonDividendsPaid":0,
        "preferredDividendsPaid":0,
        "otherFinancingActivities":3000000,
        "netCashProvidedByFinancingActivities":3000000,
        "effectOfForexChangesOnCash":-4000000,
        "netChangeInCash":210000000,
        "cashAtEndOfPeriod":1623000000,
        "cashAtBeginningOfPeriod":1413000000,
        "operatingCashFlow":238000000,
        "capitalExpenditure":-6000000,
        "freeCashFlow":232000000,
        "incomeTaxesPaid":0,
        "interestPaid":0,
        "symbol_2":"SHOP",
        "stockPrice":78.19,
        "numberOfShares":1287377000,
        "marketCapitalization":100660007630,
        "minusCashAndCashEquivalents":1623000000,
        "addTotalDebt":1145000000,
        "enterpriseValue":100182007630,
        "revenue_qoq":-13.1996268657,
        "revenue_yoy":23.4084880637,
        "netIncome_qoq":-141.5525114155,
        "netIncome_yoy":-501.4705882353,
        "operatingCashFlow_qoq":-46.875,
        "operatingCashFlow_yoy":138.0,
        "eps_qoq":-141.1764705882,
        "eps_yoy":-494.7368421053
    },
    {
        "date":"2023-12-31",
        "symbol":"SHOP",
        "reportedCurrency":"USD",
        "cik":"0001594805",
        "filingDate":"2024-02-13",
        "acceptedDate":"2024-02-13 07:07:18",
        "fiscalYear":"2023",
        "period":"Q4",
        "revenue":2144000000,
        "costOfRevenue":1082000000,
        "grossProfit":1062000000,
        "researchAndDevelopmentExpenses":311000000,
        "generalAndAdministrativeExpenses":100000000,
        "sellingAndMarketingExpenses":317000000,
        "sellingGeneralAndAdministrativeExpenses":417000000,
        "otherExpenses":45000000,
        "operatingExpenses":773000000,
        "costAndExpenses":1855000000,
        "netInterestIncome":68000000,
        "interestIncome":68000000,
        "interestExpense":0,
        "depreciationAndAmortization":10000000,
        "ebitda":299000000,
        "ebit":289000000,
        "nonOperatingIncomeExcludingInterest":0,
        "operatingIncome":289000000,
        "totalOtherIncomeExpensesNet":393000000,
        "incomeBeforeTax":682000000,
        "incomeTaxExpense":25000000,
        "netIncomeFromContinuingOperations":657000000,
        "netIncomeFromDiscontinuedOperations":0,
        "otherAdjustmentsToNetIncome":0,
        "netIncome":657000000,
        "netIncomeDeductions":-1000000,
        "bottomLineNetIncome":658000000,
        "eps":0.51,
        "epsDiluted":0.51,
        "weightedAverageShsOut":1285499000,
        "weightedAverageShsOutDil":1297296000,
        "symbol_1":"SHOP",
        "reportedCurrency_1":"USD",
        "cik_1":"0001594805",
        "filingDate_1":"2024-02-13",
        "acceptedDate_1":"2024-02-13 07:07:18",
        "fiscalYear_1":"2023",
        "period_1":"Q4",
        "netIncome_1":657000000,
        "depreciationAndAmortization_1":10000000,
        "deferredIncomeTax":-3000000,
        "stockBasedCompensation":98000000,
        "changeInWorkingCapital":24000000,
        "accountsReceivables":0,
        "inventory":0,
        "accountsPayables":0,
        "otherWorkingCapital":24000000,
        "otherNonCashItems":-338000000,
        "netCashProvidedByOperatingActivities":448000000,
        "investmentsInPropertyPlantAndEquipment":-2000000,
        "acquisitionsNet":-260000000,
        "purchasesOfInvestments":-1683000000,
        "salesMaturitiesOfInvestments":1612000000,
        "otherInvestingActivities":-13000000,
        "netCashProvidedByInvestingActivities":-346000000,
        "netDebtIssuance":0,
        "longTermNetDebtIssuance":0,
        "shortTermNetDebtIssuance":0,
        "netStockIssuance":0,
        "netCommonStockIssuance":0,
        "commonStockIssuance":0,
        "commonStockRepurchased":0,
        "netPreferredStockIssuance":0,
        "netDividendsPaid":0,
        "commonDividendsPaid":0,
        "preferredDividendsPaid":0,
        "otherFinancingActivities":17000000,
        "netCashProvidedByFinancingActivities":17000000,
        "effectOfForexChangesOnCash":7000000,
        "netChangeInCash":126000000,
        "cashAtEndOfPeriod":1413000000,
        "cashAtBeginningOfPeriod":1287000000,
        "operatingCashFlow":448000000,
        "capitalExpenditure":-2000000,
        "freeCashFlow":446000000,
        "incomeTaxesPaid":24000000,
        "interestPaid":0,
        "symbol_2":"SHOP",
        "stockPrice":77.9,
        "numberOfShares":1285499000,
        "marketCapitalization":100140372100,
        "minusCashAndCashEquivalents":1413000000,
        "addTotalDebt":1150000000,
        "enterpriseValue":99877372100,
        "revenue_qoq":25.0875145858,
        "revenue_yoy":23.5750539776,
        "netIncome_qoq":-8.495821727,
        "netIncome_yoy":-205.3401187121,
        "operatingCashFlow_qoq":61.1510791367,
        "operatingCashFlow_yoy":75.4214225581,
        "eps_qoq":-8.9285714286,
        "eps_yoy":-204.0816326531
    },
    {
        "date":"2023-09-30",
        "symbol":"SHOP",
        "reportedCurrency":"USD",
        "cik":"0001594805",
        "filingDate":"2023-11-02",
        "acceptedDate":"2023-11-02 07:06:21",
        "fiscalYear":"2023",
        "period":"Q3",
        "revenue":1714000000,
        "costOfRevenue":813000000,
        "grossProfit":901000000,
        "researchAndDevelopmentExpenses":313000000,
        "generalAndAdministrativeExpenses":137000000,
        "sellingAndMarketingExpenses":295000000,
        "sellingGeneralAndAdministrativeExpenses":432000000,
        "otherExpenses":34000000,
        "operatingExpenses":779000000,
        "costAndExpenses":1592000000,
        "netInterestIncome":63000000,
        "interestIncome":63000000,
        "interestExpense":0,
        "depreciationAndAmortization":13000000,
        "ebitda":135000000,
        "ebit":122000000,
        "nonOperatingIncomeExcludingInterest":0,
        "operatingIncome":122000000,
        "totalOtherIncomeExpensesNet":606000000,
        "incomeBeforeTax":728000000,
        "incomeTaxExpense":10000000,
        "netIncomeFromContinuingOperations":718000000,
        "netIncomeFromDiscontinuedOperations":0,
        "otherAdjustmentsToNetIncome":0,
        "netIncome":718000000,
        "netIncomeDeductions":0,
        "bottomLineNetIncome":718000000,
        "eps":0.56,
        "epsDiluted":0.55,
        "weightedAverageShsOut":1283329000,
        "weightedAverageShsOutDil":1295830000,
        "symbol_1":"SHOP",
        "reportedCurrency_1":"USD",
        "cik_1":"0001594805",
        "filingDate_1":"2023-11-02",
        "acceptedDate_1":"2023-11-02 07:06:21",
        "fiscalYear_1":"2023",
        "period_1":"Q3",
        "netIncome_1":718000000,
        "depreciationAndAmortization_1":13000000,
        "deferredIncomeTax":-1000000,
        "stockBasedCompensation":102000000,
        "changeInWorkingCapital":-27000000,
        "accountsReceivables":0,
        "inventory":0,
        "accountsPayables":0,
        "otherWorkingCapital":-27000000,
        "otherNonCashItems":-527000000,
        "netCashProvidedByOperatingActivities":278000000,
        "investmentsInPropertyPlantAndEquipment":-2000000,
        "acquisitionsNet":0,
        "purchasesOfInvestments":-1781000000,
        "salesMaturitiesOfInvestments":1336000000,
        "otherInvestingActivities":-159000000,
        "netCashProvidedByInvestingActivities":-606000000,
        "netDebtIssuance":0,
        "longTermNetDebtIssuance":0,
        "shortTermNetDebtIssuance":0,
        "netStockIssuance":0,
        "netCommonStockIssuance":0,
        "commonStockIssuance":0,
        "commonStockRepurchased":0,
        "netPreferredStockIssuance":0,
        "netDividendsPaid":0,
        "commonDividendsPaid":0,
        "preferredDividendsPaid":0,
        "otherFinancingActivities":11000000,
        "netCashProvidedByFinancingActivities":11000000,
        "effectOfForexChangesOnCash":-7000000,
        "netChangeInCash":-324000000,
        "cashAtEndOfPeriod":1287000000,
        "cashAtBeginningOfPeriod":1611000000,
        "operatingCashFlow":278000000,
        "capitalExpenditure":-2000000,
        "freeCashFlow":276000000,
        "incomeTaxesPaid":5000000,
        "interestPaid":0,
        "symbol_2":"SHOP",
        "stockPrice":54.57,
        "numberOfShares":1283329000,
        "marketCapitalization":70031263530,
        "minusCashAndCashEquivalents":1287000000,
        "addTotalDebt":1122000000,
        "enterpriseValue":69866263530,
        "revenue_qoq":1.1806375443,
        "revenue_yoy":25.4758418741,
        "netIncome_qoq":-154.7673531655,
        "netIncome_yoy":-551.572327044,
        "operatingCashFlow_qoq":135.593220339,
        "operatingCashFlow_yoy":-307.4626865672,
        "eps_qoq":-154.9019607843,
        "eps_yoy":-566.6666666667
    },
    {
        "date":"2023-06-30",
        "symbol":"SHOP",
        "reportedCurrency":"USD",
        "cik":"0001594805",
        "filingDate":"2023-08-03",
        "acceptedDate":"2023-08-03 07:05:51",
        "fiscalYear":"2023",
        "period":"Q2",
        "revenue":1694000000,
        "costOfRevenue":859000000,
        "grossProfit":835000000,
        "researchAndDevelopmentExpenses":648000000,
        "generalAndAdministrativeExpenses":131000000,
        "sellingAndMarketingExpenses":321000000,
        "sellingGeneralAndAdministrativeExpenses":452000000,
        "otherExpenses":1371000000,
        "operatingExpenses":2471000000,
        "costAndExpenses":3330000000,
        "netInterestIncome":58000000,
        "interestIncome":58000000,
        "interestExpense":0,
        "depreciationAndAmortization":17000000,
        "ebitda":-279000000,
        "ebit":-296000000,
        "nonOperatingIncomeExcludingInterest":-1340000000,
        "operatingIncome":-1636000000,
        "totalOtherIncomeExpensesNet":335000000,
        "incomeBeforeTax":-1301000000,
        "incomeTaxExpense":10000000,
        "netIncomeFromContinuingOperations":-1311000000,
        "netIncomeFromDiscontinuedOperations":0,
        "otherAdjustmentsToNetIncome":0,
        "netIncome":-1311000000,
        "netIncomeDeductions":0,
        "bottomLineNetIncome":-1311000000,
        "eps":-1.02,
        "epsDiluted":-1.02,
        "weightedAverageShsOut":1280408000,
        "weightedAverageShsOutDil":1280408000,
        "symbol_1":"SHOP",
        "reportedCurrency_1":"USD",
        "cik_1":"0001594805",
        "filingDate_1":"2023-08-03",
        "acceptedDate_1":"2023-08-03 07:05:51",
        "fiscalYear_1":"2023",
        "period_1":"Q2",
        "netIncome_1":-1311000000,
        "depreciationAndAmortization_1":17000000,
        "deferredIncomeTax":2000000,
        "stockBasedCompensation":280000000,
        "changeInWorkingCapital":94000000,
        "accountsReceivables":0,
        "inventory":0,
        "accountsPayables":0,
        "otherWorkingCapital":94000000,
        "otherNonCashItems":1036000000,
        "netCashProvidedByOperatingActivities":118000000,
        "investmentsInPropertyPlantAndEquipment":-21000000,
        "acquisitionsNet":-14000000,
        "purchasesOfInvestments":-1279000000,
        "salesMaturitiesOfInvestments":1245000000,
        "otherInvestingActivities":-204000000,
        "netCashProvidedByInvestingActivities":-273000000,
        "netDebtIssuance":0,
        "longTermNetDebtIssuance":0,
        "shortTermNetDebtIssuance":0,
        "netStockIssuance":0,
        "netCommonStockIssuance":0,
        "commonStockIssuance":0,
        "commonStockRepurchased":0,
        "netPreferredStockIssuance":0,
        "netDividendsPaid":0,
        "commonDividendsPaid":0,
        "preferredDividendsPaid":0,
        "otherFinancingActivities":26000000,
        "netCashProvidedByFinancingActivities":26000000,
        "effectOfForexChangesOnCash":2000000,
        "netChangeInCash":-127000000,
        "cashAtEndOfPeriod":1611000000,
        "cashAtBeginningOfPeriod":1738000000,
        "operatingCashFlow":118000000,
        "capitalExpenditure":-21000000,
        "freeCashFlow":97000000,
        "incomeTaxesPaid":11000000,
        "interestPaid":1000000,
        "symbol_2":"SHOP",
        "stockPrice":64.6,
        "numberOfShares":1280408000,
        "marketCapitalization":82714356800,
        "minusCashAndCashEquivalents":1611000000,
        "addTotalDebt":1134000000,
        "enterpriseValue":82237356800,
        "revenue_qoq":12.3342175066,
        "revenue_yoy":30.8108108108,
        "netIncome_qoq":-2027.9411764706,
        "netIncome_yoy":8.8870431894,
        "operatingCashFlow_qoq":18.0,
        "operatingCashFlow_yoy":-257.3333333333,
        "eps_qoq":-2017.2932330827,
        "eps_yoy":7.3684210526
    },
    {
        "date":"2023-03-31",
        "symbol":"SHOP",
        "reportedCurrency":"USD",
        "cik":"0001594805",
        "filingDate":"2023-05-04",
        "acceptedDate":"2023-05-04 07:09:18",
        "fiscalYear":"2023",
        "period":"Q1",
        "revenue":1508000000,
        "costOfRevenue":791000000,
        "grossProfit":717000000,
        "researchAndDevelopmentExpenses":458000000,
        "generalAndAdministrativeExpenses":123000000,
        "sellingAndMarketingExpenses":287000000,
        "sellingGeneralAndAdministrativeExpenses":410000000,
        "otherExpenses":42000000,
        "operatingExpenses":910000000,
        "costAndExpenses":1701000000,
        "netInterestIncome":52000000,
        "interestIncome":52000000,
        "interestExpense":0,
        "depreciationAndAmortization":30000000,
        "ebitda":-163000000,
        "ebit":-193000000,
        "nonOperatingIncomeExcludingInterest":0,
        "operatingIncome":-193000000,
        "totalOtherIncomeExpensesNet":269000000,
        "incomeBeforeTax":76000000,
        "incomeTaxExpense":8000000,
        "netIncomeFromContinuingOperations":68000000,
        "netIncomeFromDiscontinuedOperations":0,
        "otherAdjustmentsToNetIncome":0,
        "netIncome":68000000,
        "netIncomeDeductions":0,
        "bottomLineNetIncome":68000000,
        "eps":0.0532,
        "epsDiluted":0.0526,
        "weightedAverageShsOut":1276885000,
        "weightedAverageShsOutDil":1291682000,
        "symbol_1":"SHOP",
        "reportedCurrency_1":"USD",
        "cik_1":"0001594805",
        "filingDate_1":"2023-05-04",
        "acceptedDate_1":"2023-05-04 07:09:18",
        "fiscalYear_1":"2023",
        "period_1":"Q1",
        "netIncome_1":68000000,
        "depreciationAndAmortization_1":30000000,
        "deferredIncomeTax":1000000,
        "stockBasedCompensation":135000000,
        "changeInWorkingCapital":104000000,
        "accountsReceivables":0,
        "inventory":0,
        "accountsPayables":0,
        "otherWorkingCapital":104000000,
        "otherNonCashItems":-238000000,
        "netCashProvidedByOperatingActivities":100000000,
        "investmentsInPropertyPlantAndEquipment":-14000000,
        "acquisitionsNet":-121000000,
        "purchasesOfInvestments":-1098000000,
        "salesMaturitiesOfInvestments":1397000000,
        "otherInvestingActivities":-183000000,
        "netCashProvidedByInvestingActivities":-19000000,
        "netDebtIssuance":0,
        "longTermNetDebtIssuance":0,
        "shortTermNetDebtIssuance":0,
        "netStockIssuance":0,
        "netCommonStockIssuance":0,
        "commonStockIssuance":0,
        "commonStockRepurchased":0,
        "netPreferredStockIssuance":0,
        "netDividendsPaid":0,
        "commonDividendsPaid":0,
        "preferredDividendsPaid":0,
        "otherFinancingActivities":6000000,
        "netCashProvidedByFinancingActivities":6000000,
        "effectOfForexChangesOnCash":2000000,
        "netChangeInCash":89000000,
        "cashAtEndOfPeriod":1738000000,
        "cashAtBeginningOfPeriod":1649000000,
        "operatingCashFlow":100000000,
        "capitalExpenditure":-14000000,
        "freeCashFlow":86000000,
        "incomeTaxesPaid":10000000,
        "interestPaid":0,
        "symbol_2":"SHOP",
        "stockPrice":47.94,
        "numberOfShares":1276885000,
        "marketCapitalization":61213866900,
        "minusCashAndCashEquivalents":1738000000,
        "addTotalDebt":1399000000,
        "enterpriseValue":60874866900,
        "revenue_qoq":-13.0824713627,
        "revenue_yoy":25.2491694352,
        "netIncome_qoq":-110.9027824542,
        "netIncome_yoy":-104.6132971506,
        "operatingCashFlow_qoq":-60.8434324647,
        "operatingCashFlow_yoy":-500.0,
        "eps_qoq":-110.8571428571,
        "eps_yoy":-104.547008547
    },
    {
        "date":"2022-12-31",
        "symbol":"SHOP",
        "reportedCurrency":"USD",
        "cik":"0001594805",
        "filingDate":"2023-02-15",
        "acceptedDate":"2023-02-15 16:17:35",
        "fiscalYear":"2022",
        "period":"Q4",
        "revenue":1734978000,
        "costOfRevenue":936470000,
        "grossProfit":798508000,
        "researchAndDevelopmentExpenses":440547000,
        "generalAndAdministrativeExpenses":214651000,
        "sellingAndMarketingExpenses":297741000,
        "sellingGeneralAndAdministrativeExpenses":512392000,
        "otherExpenses":34318000,
        "operatingExpenses":987257000,
        "costAndExpenses":1923727000,
        "netInterestIncome":38684000,
        "interestIncome":39563000,
        "interestExpense":880327,
        "depreciationAndAmortization":29822000,
        "ebitda":-584495000,
        "ebit":-614317000,
        "nonOperatingIncomeExcludingInterest":425568000,
        "operatingIncome":-188749000,
        "totalOtherIncomeExpensesNet":-425859000,
        "incomeBeforeTax":-614608000,
        "incomeTaxExpense":9086000,
        "netIncomeFromContinuingOperations":-623694000,
        "netIncomeFromDiscontinuedOperations":0,
        "otherAdjustmentsToNetIncome":0,
        "netIncome":-623694000,
        "netIncomeDeductions":0,
        "bottomLineNetIncome":-623694000,
        "eps":-0.49,
        "epsDiluted":-0.49,
        "weightedAverageShsOut":1273339000,
        "weightedAverageShsOutDil":1273339000,
        "symbol_1":"SHOP",
        "reportedCurrency_1":"USD",
        "cik_1":"0001594805",
        "filingDate_1":"2023-02-15",
        "acceptedDate_1":"2023-02-15 16:17:35",
        "fiscalYear_1":"2022",
        "period_1":"Q4",
        "netIncome_1":-623694000,
        "depreciationAndAmortization_1":29822000,
        "deferredIncomeTax":-5341000,
        "stockBasedCompensation":141744000,
        "changeInWorkingCapital":181723000,
        "accountsReceivables":195456000,
        "inventory":0,
        "accountsPayables":0,
        "otherWorkingCapital":-13733000,
        "otherNonCashItems":531131000,
        "netCashProvidedByOperatingActivities":255385000,
        "investmentsInPropertyPlantAndEquipment":-7624000,
        "acquisitionsNet":-5021000,
        "purchasesOfInvestments":-1442900000,
        "salesMaturitiesOfInvestments":1616223000,
        "otherInvestingActivities":-158683000,
        "netCashProvidedByInvestingActivities":1995000,
        "netDebtIssuance":0,
        "longTermNetDebtIssuance":0,
        "shortTermNetDebtIssuance":0,
        "netStockIssuance":0,
        "netCommonStockIssuance":0,
        "commonStockIssuance":0,
        "commonStockRepurchased":0,
        "netPreferredStockIssuance":0,
        "netDividendsPaid":0,
        "commonDividendsPaid":0,
        "preferredDividendsPaid":0,
        "otherFinancingActivities":6292000,
        "netCashProvidedByFinancingActivities":6292000,
        "effectOfForexChangesOnCash":7405000,
        "netChangeInCash":271077000,
        "cashAtEndOfPeriod":1649328000,
        "cashAtBeginningOfPeriod":1378251000,
        "operatingCashFlow":255385000,
        "capitalExpenditure":-7624000,
        "freeCashFlow":247761000,
        "incomeTaxesPaid":1175000,
        "interestPaid":575000,
        "symbol_2":"SHOP",
        "stockPrice":34.71,
        "numberOfShares":1273339000,
        "marketCapitalization":44197596690,
        "minusCashAndCashEquivalents":1649000000,
        "addTotalDebt":1396000000,
        "enterpriseValue":43944596690,
        "revenue_qoq":27.0115666179,
        "revenue_yoy":25.7208570286,
        "netIncome_qoq":292.2603773585,
        "netIncome_yoy":67.9707845984,
        "operatingCashFlow_qoq":-290.5858208955,
        "operatingCashFlow_yoy":-1.9477228574,
        "eps_qoq":308.3333333333,
        "eps_yoy":68.9655172414
    },
    {
        "date":"2022-09-30",
        "symbol":"SHOP",
        "reportedCurrency":"USD",
        "cik":"0001594805",
        "filingDate":"2022-10-27",
        "acceptedDate":"2022-10-27 07:06:52",
        "fiscalYear":"2022",
        "period":"Q3",
        "revenue":1366000000,
        "costOfRevenue":704000000,
        "grossProfit":662000000,
        "researchAndDevelopmentExpenses":412000000,
        "generalAndAdministrativeExpenses":255000000,
        "sellingAndMarketingExpenses":302000000,
        "sellingGeneralAndAdministrativeExpenses":557000000,
        "otherExpenses":39000000,
        "operatingExpenses":1008000000,
        "costAndExpenses":1712000000,
        "netInterestIncome":18882955,
        "interestIncome":19710683,
        "interestExpense":827727,
        "depreciationAndAmortization":29000000,
        "ebitda":-317000000,
        "ebit":-346000000,
        "nonOperatingIncomeExcludingInterest":0,
        "operatingIncome":-346000000,
        "totalOtherIncomeExpensesNet":188000000,
        "incomeBeforeTax":-158000000,
        "incomeTaxExpense":1000000,
        "netIncomeFromContinuingOperations":-159000000,
        "netIncomeFromDiscontinuedOperations":0,
        "otherAdjustmentsToNetIncome":0,
        "netIncome":-159000000,
        "netIncomeDeductions":0,
        "bottomLineNetIncome":-159000000,
        "eps":-0.12,
        "epsDiluted":-0.12,
        "weightedAverageShsOut":1269425000,
        "weightedAverageShsOutDil":1269425000,
        "symbol_1":"SHOP",
        "reportedCurrency_1":"USD",
        "cik_1":"0001594805",
        "filingDate_1":"2022-10-27",
        "acceptedDate_1":"2022-10-27 07:06:52",
        "fiscalYear_1":"2022",
        "period_1":"Q3",
        "netIncome_1":-159000000,
        "depreciationAndAmortization_1":29000000,
        "deferredIncomeTax":-1000000,
        "stockBasedCompensation":150000000,
        "changeInWorkingCapital":17000000,
        "accountsReceivables":-170417000,
        "inventory":0,
        "accountsPayables":0,
        "otherWorkingCapital":187417000,
        "otherNonCashItems":-170000000,
        "netCashProvidedByOperatingActivities":-134000000,
        "investmentsInPropertyPlantAndEquipment":-14000000,
        "acquisitionsNet":-1784000000,
        "purchasesOfInvestments":-1535000000,
        "salesMaturitiesOfInvestments":1584000000,
        "otherInvestingActivities":-80000000,
        "netCashProvidedByInvestingActivities":-1829000000,
        "netDebtIssuance":0,
        "longTermNetDebtIssuance":0,
        "shortTermNetDebtIssuance":0,
        "netStockIssuance":0,
        "netCommonStockIssuance":0,
        "commonStockIssuance":0,
        "commonStockRepurchased":0,
        "netPreferredStockIssuance":0,
        "netDividendsPaid":0,
        "commonDividendsPaid":0,
        "preferredDividendsPaid":0,
        "otherFinancingActivities":3000000,
        "netCashProvidedByFinancingActivities":3000000,
        "effectOfForexChangesOnCash":-13000000,
        "netChangeInCash":-1973000000,
        "cashAtEndOfPeriod":1378000000,
        "cashAtBeginningOfPeriod":3351000000,
        "operatingCashFlow":-134000000,
        "capitalExpenditure":-14000000,
        "freeCashFlow":-148000000,
        "incomeTaxesPaid":1000000,
        "interestPaid":0,
        "symbol_2":"SHOP",
        "stockPrice":26.94,
        "numberOfShares":1269425000,
        "marketCapitalization":34198309500,
        "minusCashAndCashEquivalents":1378251000,
        "addTotalDebt":1298879000,
        "enterpriseValue":34118937500,
        "revenue_qoq":5.4826254826,
        "revenue_yoy":21.5583675939,
        "netIncome_qoq":-86.7940199336,
        "netIncome_yoy":-113.8449642643,
        "operatingCashFlow_qoq":78.6666666667,
        "operatingCashFlow_yoy":-420.0687909043,
        "eps_qoq":-87.3684210526,
        "eps_yoy":-113.0434782609
    },
    {
        "date":"2022-06-30",
        "symbol":"SHOP",
        "reportedCurrency":"USD",
        "cik":"0001594805",
        "filingDate":"2022-06-30",
        "acceptedDate":"2022-06-30 00:00:00",
        "fiscalYear":"2022",
        "period":"Q2",
        "revenue":1295000000,
        "costOfRevenue":639000000,
        "grossProfit":656000000,
        "researchAndDevelopmentExpenses":347000000,
        "generalAndAdministrativeExpenses":130000000,
        "sellingAndMarketingExpenses":327000000,
        "sellingGeneralAndAdministrativeExpenses":457000000,
        "otherExpenses":42000000,
        "operatingExpenses":846000000,
        "costAndExpenses":1485000000,
        "netInterestIncome":11536868,
        "interestIncome":12398465,
        "interestExpense":861596,
        "depreciationAndAmortization":16000000,
        "ebitda":-174000000,
        "ebit":-190000000,
        "nonOperatingIncomeExcludingInterest":0,
        "operatingIncome":-190000000,
        "totalOtherIncomeExpensesNet":-1008000000,
        "incomeBeforeTax":-1198000000,
        "incomeTaxExpense":6000000,
        "netIncomeFromContinuingOperations":-1204000000,
        "netIncomeFromDiscontinuedOperations":0,
        "otherAdjustmentsToNetIncome":0,
        "netIncome":-1204000000,
        "netIncomeDeductions":0,
        "bottomLineNetIncome":-1204000000,
        "eps":-0.95,
        "epsDiluted":-0.95,
        "weightedAverageShsOut":1262012000,
        "weightedAverageShsOutDil":1262012000,
        "symbol_1":"SHOP",
        "reportedCurrency_1":"USD",
        "cik_1":"0001594805",
        "filingDate_1":"2022-06-30",
        "acceptedDate_1":"2022-06-30 00:00:00",
        "fiscalYear_1":"2022",
        "period_1":"Q2",
        "netIncome_1":-1204000000,
        "depreciationAndAmortization_1":16000000,
        "deferredIncomeTax":4000000,
        "stockBasedCompensation":139000000,
        "changeInWorkingCapital":-52000000,
        "accountsReceivables":-121656000,
        "inventory":0,
        "accountsPayables":0,
        "otherWorkingCapital":69656000,
        "otherNonCashItems":1022000000,
        "netCashProvidedByOperatingActivities":-75000000,
        "investmentsInPropertyPlantAndEquipment":-12000000,
        "acquisitionsNet":-146000000,
        "purchasesOfInvestments":-569000000,
        "salesMaturitiesOfInvestments":1760000000,
        "otherInvestingActivities":-50000000,
        "netCashProvidedByInvestingActivities":983000000,
        "netDebtIssuance":0,
        "longTermNetDebtIssuance":0,
        "shortTermNetDebtIssuance":0,
        "netStockIssuance":0,
        "netCommonStockIssuance":0,
        "commonStockIssuance":0,
        "commonStockRepurchased":0,
        "netPreferredStockIssuance":0,
        "netDividendsPaid":0,
        "commonDividendsPaid":0,
        "preferredDividendsPaid":0,
        "otherFinancingActivities":2000000,
        "netCashProvidedByFinancingActivities":2000000,
        "effectOfForexChangesOnCash":-11000000,
        "netChangeInCash":899000000,
        "cashAtEndOfPeriod":3351000000,
        "cashAtBeginningOfPeriod":2452000000,
        "operatingCashFlow":-75000000,
        "capitalExpenditure":-12000000,
        "freeCashFlow":-87000000,
        "incomeTaxesPaid":15000000,
        "interestPaid":1000000,
        "symbol_2":"SHOP",
        "stockPrice":31.24,
        "numberOfShares":1262012000,
        "marketCapitalization":39425254880,
        "minusCashAndCashEquivalents":3350781000,
        "addTotalDebt":1192222000,
        "enterpriseValue":37266695880,
        "revenue_qoq":7.5581395349,
        "revenue_yoy":15.6823247234,
        "netIncome_qoq":-18.3175033921,
        "netIncome_yoy":-236.9593433232,
        "operatingCashFlow_qoq":200.0,
        "operatingCashFlow_yoy":-212.9160958131,
        "eps_qoq":-18.8034188034,
        "eps_yoy":-233.8028169014
    },
    {
        "date":"2022-03-31",
        "symbol":"SHOP",
        "reportedCurrency":"USD",
        "cik":"0001594805",
        "filingDate":"2022-05-05",
        "acceptedDate":"2022-05-05 07:23:32",
        "fiscalYear":"2022",
        "period":"Q1",
        "revenue":1204000000,
        "costOfRevenue":566000000,
        "grossProfit":638000000,
        "researchAndDevelopmentExpenses":304000000,
        "generalAndAdministrativeExpenses":109000000,
        "sellingAndMarketingExpenses":303000000,
        "sellingGeneralAndAdministrativeExpenses":412000000,
        "otherExpenses":20000000,
        "operatingExpenses":736000000,
        "costAndExpenses":1302000000,
        "netInterestIncome":5380277,
        "interestIncome":6265011,
        "interestExpense":884734,
        "depreciationAndAmortization":17000000,
        "ebitda":-81000000,
        "ebit":-98000000,
        "nonOperatingIncomeExcludingInterest":0,
        "operatingIncome":-98000000,
        "totalOtherIncomeExpensesNet":-1555000000,
        "incomeBeforeTax":-1653000000,
        "incomeTaxExpense":-179000000,
        "netIncomeFromContinuingOperations":-1474000000,
        "netIncomeFromDiscontinuedOperations":0,
        "otherAdjustmentsToNetIncome":0,
        "netIncome":-1474000000,
        "netIncomeDeductions":0,
        "bottomLineNetIncome":-1474000000,
        "eps":-1.17,
        "epsDiluted":-1.17,
        "weightedAverageShsOut":1260131000,
        "weightedAverageShsOutDil":1260131000,
        "symbol_1":"SHOP",
        "reportedCurrency_1":"USD",
        "cik_1":"0001594805",
        "filingDate_1":"2022-05-05",
        "acceptedDate_1":"2022-05-05 07:23:32",
        "fiscalYear_1":"2022",
        "period_1":"Q1",
        "netIncome_1":-1474000000,
        "depreciationAndAmortization_1":17000000,
        "deferredIncomeTax":-184000000,
        "stockBasedCompensation":118000000,
        "changeInWorkingCapital":-87000000,
        "accountsReceivables":-31291000,
        "inventory":0,
        "accountsPayables":0,
        "otherWorkingCapital":-55709000,
        "otherNonCashItems":1585000000,
        "netCashProvidedByOperatingActivities":-25000000,
        "investmentsInPropertyPlantAndEquipment":-16000000,
        "acquisitionsNet":-454000000,
        "purchasesOfInvestments":-1464000000,
        "salesMaturitiesOfInvestments":1930000000,
        "otherInvestingActivities":-28000000,
        "netCashProvidedByInvestingActivities":-32000000,
        "netDebtIssuance":0,
        "longTermNetDebtIssuance":0,
        "shortTermNetDebtIssuance":0,
        "netStockIssuance":0,
        "netCommonStockIssuance":0,
        "commonStockIssuance":0,
        "commonStockRepurchased":0,
        "netPreferredStockIssuance":0,
        "netDividendsPaid":0,
        "commonDividendsPaid":0,
        "preferredDividendsPaid":0,
        "otherFinancingActivities":6000000,
        "netCashProvidedByFinancingActivities":6000000,
        "effectOfForexChangesOnCash":0,
        "netChangeInCash":-51000000,
        "cashAtEndOfPeriod":2452000000,
        "cashAtBeginningOfPeriod":2503000000,
        "operatingCashFlow":-25000000,
        "capitalExpenditure":-16000000,
        "freeCashFlow":-41000000,
        "incomeTaxesPaid":10000000,
        "interestPaid":0,
        "symbol_2":"SHOP",
        "stockPrice":67.6,
        "numberOfShares":1260131000,
        "marketCapitalization":85179815076,
        "minusCashAndCashEquivalents":2451545000,
        "addTotalDebt":1195427000,
        "enterpriseValue":83923697076,
        "revenue_qoq":-12.7551404903,
        "revenue_yoy":21.7825978332,
        "netIncome_qoq":296.9718106924,
        "netIncome_yoy":-217.1286786471,
        "operatingCashFlow_qoq":-109.5984765298,
        "operatingCashFlow_yoy":-118.4253001481,
        "eps_qoq":303.4482758621,
        "eps_yoy":-214.7058823529
    },
    {
        "date":"2021-12-31",
        "symbol":"SHOP",
        "reportedCurrency":"USD",
        "cik":"0001594805",
        "filingDate":"2022-02-16",
        "acceptedDate":"2022-02-16 07:22:11",
        "fiscalYear":"2021",
        "period":"Q4",
        "revenue":1380024000,
        "costOfRevenue":687365000,
        "grossProfit":692659000,
        "researchAndDevelopmentExpenses":273912000,
        "generalAndAdministrativeExpenses":101054000,
        "sellingAndMarketingExpenses":275475000,
        "sellingGeneralAndAdministrativeExpenses":376529000,
        "otherExpenses":27814000,
        "operatingExpenses":678255000,
        "costAndExpenses":1365620000,
        "netInterestIncome":4040000,
        "interestIncome":4918000,
        "interestExpense":875043,
        "depreciationAndAmortization":22241000,
        "ebitda":-467943000,
        "ebit":-490184000,
        "nonOperatingIncomeExcludingInterest":504588000,
        "operatingIncome":14404000,
        "totalOtherIncomeExpensesNet":-503123000,
        "incomeBeforeTax":-488719000,
        "incomeTaxExpense":-117408000,
        "netIncomeFromContinuingOperations":-371311000,
        "netIncomeFromDiscontinuedOperations":0,
        "otherAdjustmentsToNetIncome":0,
        "netIncome":-371311000,
        "netIncomeDeductions":-645000,
        "bottomLineNetIncome":-370666000,
        "eps":-0.29,
        "epsDiluted":-0.3,
        "weightedAverageShsOut":1257348000,
        "weightedAverageShsOutDil":1257348000,
        "symbol_1":"SHOP",
        "reportedCurrency_1":"USD",
        "cik_1":"0001594805",
        "filingDate_1":"2022-02-16",
        "acceptedDate_1":"2022-02-16 07:22:11",
        "fiscalYear_1":"2021",
        "period_1":"Q4",
        "netIncome_1":-371311000,
        "depreciationAndAmortization_1":22241000,
        "deferredIncomeTax":-115886000,
        "stockBasedCompensation":98309000,
        "changeInWorkingCapital":118851000,
        "accountsReceivables":-42033000,
        "inventory":0,
        "accountsPayables":0,
        "otherWorkingCapital":160884000,
        "otherNonCashItems":508254000,
        "netCashProvidedByOperatingActivities":260458000,
        "investmentsInPropertyPlantAndEquipment":-25975000,
        "acquisitionsNet":-17494000,
        "purchasesOfInvestments":-1720887000,
        "salesMaturitiesOfInvestments":1784469000,
        "otherInvestingActivities":0,
        "netCashProvidedByInvestingActivities":20113000,
        "netDebtIssuance":0,
        "longTermNetDebtIssuance":0,
        "shortTermNetDebtIssuance":0,
        "netStockIssuance":0,
        "netCommonStockIssuance":0,
        "commonStockIssuance":0,
        "commonStockRepurchased":0,
        "netPreferredStockIssuance":0,
        "netDividendsPaid":0,
        "commonDividendsPaid":0,
        "preferredDividendsPaid":0,
        "otherFinancingActivities":36150000,
        "netCashProvidedByFinancingActivities":36150000,
        "effectOfForexChangesOnCash":-3342000,
        "netChangeInCash":313379000,
        "cashAtEndOfPeriod":2502992000,
        "cashAtBeginningOfPeriod":2189613000,
        "operatingCashFlow":260458000,
        "capitalExpenditure":-25975000,
        "freeCashFlow":234483000,
        "incomeTaxesPaid":0,
        "interestPaid":0,
        "symbol_2":"SHOP",
        "stockPrice":137.74,
        "numberOfShares":1257348000,
        "marketCapitalization":173185856172,
        "minusCashAndCashEquivalents":2502992000,
        "addTotalDebt":1173487000,
        "enterpriseValue":171856351172,
        "revenue_qoq":22.8063431043,
        "revenue_yoy":41.1436940549,
        "netIncome_qoq":-132.3319970185,
        "netIncome_yoy":-399.7537780935,
        "operatingCashFlow_qoq":522.1229637415,
        "operatingCashFlow_yoy":6.1508114409,
        "eps_qoq":-131.5217391304,
        "eps_yoy":-390.0
    },
    {
        "date":"2021-09-30",
        "symbol":"SHOP",
        "reportedCurrency":"USD",
        "cik":"0001594805",
        "filingDate":"2021-10-28",
        "acceptedDate":"2021-10-28 07:08:34",
        "fiscalYear":"2021",
        "period":"Q3",
        "revenue":1123740000,
        "costOfRevenue":514831000,
        "grossProfit":608909000,
        "researchAndDevelopmentExpenses":221028000,
        "generalAndAdministrativeExpenses":128722000,
        "sellingAndMarketingExpenses":237949000,
        "sellingGeneralAndAdministrativeExpenses":366671000,
        "otherExpenses":25311000,
        "operatingExpenses":613010000,
        "costAndExpenses":1127841000,
        "netInterestIncome":3644000,
        "interestIncome":4516000,
        "interestExpense":872000,
        "depreciationAndAmortization":13604000,
        "ebitda":1354343000,
        "ebit":1340739000,
        "nonOperatingIncomeExcludingInterest":-1344840000,
        "operatingIncome":-4101000,
        "totalOtherIncomeExpensesNet":1344553000,
        "incomeBeforeTax":1340452000,
        "incomeTaxExpense":192020000,
        "netIncomeFromContinuingOperations":1148432000,
        "netIncomeFromDiscontinuedOperations":0,
        "otherAdjustmentsToNetIncome":0,
        "netIncome":1148432000,
        "netIncomeDeductions":-641000,
        "bottomLineNetIncome":1149073000,
        "eps":0.92,
        "epsDiluted":0.9,
        "weightedAverageShsOut":1250715000,
        "weightedAverageShsOutDil":1276192000,
        "symbol_1":"SHOP",
        "reportedCurrency_1":"USD",
        "cik_1":"0001594805",
        "filingDate_1":"2021-10-28",
        "acceptedDate_1":"2021-10-28 07:08:34",
        "fiscalYear_1":"2021",
        "period_1":"Q3",
        "netIncome_1":1148432000,
        "depreciationAndAmortization_1":13604000,
        "deferredIncomeTax":178505000,
        "stockBasedCompensation":81340000,
        "changeInWorkingCapital":-63757000,
        "accountsReceivables":-122023000,
        "inventory":0,
        "accountsPayables":0,
        "otherWorkingCapital":58266000,
        "otherNonCashItems":-1316258000,
        "netCashProvidedByOperatingActivities":41866000,
        "investmentsInPropertyPlantAndEquipment":-11362000,
        "acquisitionsNet":-290492000,
        "purchasesOfInvestments":-1466622000,
        "salesMaturitiesOfInvestments":1527804000,
        "otherInvestingActivities":0,
        "netCashProvidedByInvestingActivities":-240672000,
        "netDebtIssuance":0,
        "longTermNetDebtIssuance":0,
        "shortTermNetDebtIssuance":0,
        "netStockIssuance":0,
        "netCommonStockIssuance":0,
        "commonStockIssuance":0,
        "commonStockRepurchased":0,
        "netPreferredStockIssuance":0,
        "netDividendsPaid":0,
        "commonDividendsPaid":0,
        "preferredDividendsPaid":0,
        "otherFinancingActivities":29154000,
        "netCashProvidedByFinancingActivities":29154000,
        "effectOfForexChangesOnCash":-5405000,
        "netChangeInCash":-175057000,
        "cashAtEndOfPeriod":2189613000,
        "cashAtBeginningOfPeriod":2364670000,
        "operatingCashFlow":41866000,
        "capitalExpenditure":-11362000,
        "freeCashFlow":30504000,
        "incomeTaxesPaid":6911000,
        "interestPaid":0,
        "symbol_2":"SHOP",
        "stockPrice":135.58,
        "numberOfShares":1250715000,
        "marketCapitalization":169569438270,
        "minusCashAndCashEquivalents":2189613000,
        "addTotalDebt":1100184000,
        "enterpriseValue":168480009270,
        "revenue_qoq":0.3836722662,
        "revenue_yoy":null,
        "netIncome_qoq":30.6382828665,
        "netIncome_yoy":null,
        "operatingCashFlow_qoq":-36.9687297692,
        "operatingCashFlow_yoy":null,
        "eps_qoq":29.5774647887,
        "eps_yoy":null
    },
    {
        "date":"2021-06-30",
        "symbol":"SHOP",
        "reportedCurrency":"USD",
        "cik":"0001594805",
        "filingDate":"2021-06-30",
        "acceptedDate":"2021-06-30 00:00:00",
        "fiscalYear":"2021",
        "period":"Q2",
        "revenue":1119445000,
        "costOfRevenue":498585000,
        "grossProfit":620860000,
        "researchAndDevelopmentExpenses":183557000,
        "generalAndAdministrativeExpenses":77966000,
        "sellingAndMarketingExpenses":201910000,
        "sellingGeneralAndAdministrativeExpenses":279876000,
        "otherExpenses":17986000,
        "operatingExpenses":481419000,
        "costAndExpenses":980004000,
        "netInterestIncome":2222000,
        "interestIncome":3092000,
        "interestExpense":862619,
        "depreciationAndAmortization":14663000,
        "ebitda":934262000,
        "ebit":919599000,
        "nonOperatingIncomeExcludingInterest":-780158000,
        "operatingIncome":139441000,
        "totalOtherIncomeExpensesNet":779874000,
        "incomeBeforeTax":919315000,
        "incomeTaxExpense":40222000,
        "netIncomeFromContinuingOperations":879093000,
        "netIncomeFromDiscontinuedOperations":0,
        "otherAdjustmentsToNetIncome":0,
        "netIncome":879093000,
        "netIncomeDeductions":-639000,
        "bottomLineNetIncome":879732000,
        "eps":0.71,
        "epsDiluted":0.69,
        "weightedAverageShsOut":1245475000,
        "weightedAverageShsOutDil":1274751000,
        "symbol_1":"SHOP",
        "reportedCurrency_1":"USD",
        "cik_1":"0001594805",
        "filingDate_1":"2021-06-30",
        "acceptedDate_1":"2021-06-30 00:00:00",
        "fiscalYear_1":"2021",
        "period_1":"Q2",
        "netIncome_1":879093000,
        "depreciationAndAmortization_1":14663000,
        "deferredIncomeTax":27390000,
        "stockBasedCompensation":81958000,
        "changeInWorkingCapital":-153766000,
        "accountsReceivables":-176426000,
        "inventory":0,
        "accountsPayables":0,
        "otherWorkingCapital":22660000,
        "otherNonCashItems":-782917000,
        "netCashProvidedByOperatingActivities":66421000,
        "investmentsInPropertyPlantAndEquipment":-8263000,
        "acquisitionsNet":-195322000,
        "purchasesOfInvestments":-1704902000,
        "salesMaturitiesOfInvestments":1399635000,
        "otherInvestingActivities":0,
        "netCashProvidedByInvestingActivities":-508852000,
        "netDebtIssuance":0,
        "longTermNetDebtIssuance":0,
        "shortTermNetDebtIssuance":0,
        "netStockIssuance":0,
        "netCommonStockIssuance":0,
        "commonStockIssuance":0,
        "commonStockRepurchased":0,
        "netPreferredStockIssuance":0,
        "netDividendsPaid":0,
        "commonDividendsPaid":0,
        "preferredDividendsPaid":0,
        "otherFinancingActivities":20365000,
        "netCashProvidedByFinancingActivities":20365000,
        "effectOfForexChangesOnCash":1165000,
        "netChangeInCash":-420901000,
        "cashAtEndOfPeriod":2364670000,
        "cashAtBeginningOfPeriod":2785571000,
        "operatingCashFlow":66421000,
        "capitalExpenditure":-8263000,
        "freeCashFlow":58158000,
        "incomeTaxesPaid":15277000,
        "interestPaid":0,
        "symbol_2":"SHOP",
        "stockPrice":146.1,
        "numberOfShares":1245475000,
        "marketCapitalization":181961406550,
        "minusCashAndCashEquivalents":2364670000,
        "addTotalDebt":1076795000,
        "enterpriseValue":180673531550,
        "revenue_qoq":13.2300001922,
        "revenue_yoy":null,
        "netIncome_qoq":-30.1445037328,
        "netIncome_yoy":null,
        "operatingCashFlow_qoq":-51.0469255544,
        "operatingCashFlow_yoy":null,
        "eps_qoq":-30.3921568627,
        "eps_yoy":null
    },
    {
        "date":"2021-03-31",
        "symbol":"SHOP",
        "reportedCurrency":"USD",
        "cik":"0001594805",
        "filingDate":"2021-04-28",
        "acceptedDate":"2021-04-28 07:19:52",
        "fiscalYear":"2021",
        "period":"Q1",
        "revenue":988647000,
        "costOfRevenue":429931000,
        "grossProfit":558716000,
        "researchAndDevelopmentExpenses":175886000,
        "generalAndAdministrativeExpenses":67102000,
        "sellingAndMarketingExpenses":186223000,
        "sellingGeneralAndAdministrativeExpenses":253325000,
        "otherExpenses":10606000,
        "operatingExpenses":439817000,
        "costAndExpenses":869748000,
        "netInterestIncome":1957000,
        "interestIncome":2830000,
        "interestExpense":873000,
        "depreciationAndAmortization":15800000,
        "ebitda":1385632000,
        "ebit":1369832000,
        "nonOperatingIncomeExcludingInterest":-1250933000,
        "operatingIncome":118899000,
        "totalOtherIncomeExpensesNet":1250645000,
        "incomeBeforeTax":1369544000,
        "incomeTaxExpense":111099000,
        "netIncomeFromContinuingOperations":1258445000,
        "netIncomeFromDiscontinuedOperations":0,
        "otherAdjustmentsToNetIncome":0,
        "netIncome":1258445000,
        "netIncomeDeductions":0,
        "bottomLineNetIncome":1259087000,
        "eps":1.02,
        "epsDiluted":0.99,
        "weightedAverageShsOut":1232437000,
        "weightedAverageShsOutDil":1266744000,
        "symbol_1":"SHOP",
        "reportedCurrency_1":"USD",
        "cik_1":"0001594805",
        "filingDate_1":"2021-04-28",
        "acceptedDate_1":"2021-04-28 07:19:52",
        "fiscalYear_1":"2021",
        "period_1":"Q1",
        "netIncome_1":1258445000,
        "depreciationAndAmortization_1":15800000,
        "deferredIncomeTax":100954000,
        "stockBasedCompensation":69156000,
        "changeInWorkingCapital":-62252000,
        "accountsReceivables":-39063000,
        "inventory":0,
        "accountsPayables":0,
        "otherWorkingCapital":-23189000,
        "otherNonCashItems":-1246420000,
        "netCashProvidedByOperatingActivities":135683000,
        "investmentsInPropertyPlantAndEquipment":-5188000,
        "acquisitionsNet":-206552000,
        "purchasesOfInvestments":-2444955000,
        "salesMaturitiesOfInvestments":1038316000,
        "otherInvestingActivities":0,
        "netCashProvidedByInvestingActivities":-1618379000,
        "netDebtIssuance":0,
        "longTermNetDebtIssuance":0,
        "shortTermNetDebtIssuance":0,
        "netStockIssuance":1541168000,
        "netCommonStockIssuance":1541168000,
        "commonStockIssuance":1541168000,
        "commonStockRepurchased":0,
        "netPreferredStockIssuance":0,
        "netDividendsPaid":0,
        "commonDividendsPaid":0,
        "preferredDividendsPaid":0,
        "otherFinancingActivities":22925000,
        "netCashProvidedByFinancingActivities":1564093000,
        "effectOfForexChangesOnCash":577000,
        "netChangeInCash":81974000,
        "cashAtEndOfPeriod":2785571000,
        "cashAtBeginningOfPeriod":2703597000,
        "operatingCashFlow":135683000,
        "capitalExpenditure":-5188000,
        "freeCashFlow":130495000,
        "incomeTaxesPaid":561000,
        "interestPaid":0,
        "symbol_2":"SHOP",
        "stockPrice":110.65,
        "numberOfShares":1232437000,
        "marketCapitalization":136369154050,
        "minusCashAndCashEquivalents":2785571000,
        "addTotalDebt":1078690000,
        "enterpriseValue":134662273050,
        "revenue_qoq":1.1151180677,
        "revenue_yoy":null,
        "netIncome_qoq":915.9236954275,
        "netIncome_yoy":null,
        "operatingCashFlow_qoq":-44.7017924244,
        "operatingCashFlow_yoy":null,
        "eps_qoq":920.0,
        "eps_yoy":null
    },
    {
        "date":"2020-12-31",
        "symbol":"SHOP",
        "reportedCurrency":"USD",
        "cik":"0001594805",
        "filingDate":"2021-02-17",
        "acceptedDate":"2021-02-17 07:42:49",
        "fiscalYear":"2020",
        "period":"Q4",
        "revenue":977744000,
        "costOfRevenue":473356000,
        "grossProfit":504388000,
        "researchAndDevelopmentExpenses":164380185,
        "generalAndAdministrativeExpenses":65395000,
        "sellingAndMarketingExpenses":154728000,
        "sellingGeneralAndAdministrativeExpenses":220123000,
        "otherExpenses":6547000,
        "operatingExpenses":391847000,
        "costAndExpenses":865203000,
        "netInterestIncome":-4725390,
        "interestIncome":3300613,
        "interestExpense":8026004,
        "depreciationAndAmortization":17893000,
        "ebitda":134983000,
        "ebit":117090000,
        "nonOperatingIncomeExcludingInterest":-4549000,
        "operatingIncome":112541000,
        "totalOtherIncomeExpensesNet":-2788000,
        "incomeBeforeTax":109753000,
        "incomeTaxExpense":-14119000,
        "netIncomeFromContinuingOperations":123872000,
        "netIncomeFromDiscontinuedOperations":0,
        "otherAdjustmentsToNetIncome":0,
        "netIncome":123872000,
        "netIncomeDeductions":0,
        "bottomLineNetIncome":123872000,
        "eps":0.1,
        "epsDiluted":0.0987,
        "weightedAverageShsOut":1254549000,
        "weightedAverageShsOutDil":1254549000,
        "symbol_1":"SHOP",
        "reportedCurrency_1":"USD",
        "cik_1":"0001594805",
        "filingDate_1":"2021-02-17",
        "acceptedDate_1":"2021-02-17 07:42:49",
        "fiscalYear_1":"2020",
        "period_1":"Q4",
        "netIncome_1":123872000,
        "depreciationAndAmortization_1":17893000,
        "deferredIncomeTax":-47596000,
        "stockBasedCompensation":67057000,
        "changeInWorkingCapital":71713000,
        "accountsReceivables":-8093000,
        "inventory":0,
        "accountsPayables":0,
        "otherWorkingCapital":79806000,
        "otherNonCashItems":12427000,
        "netCashProvidedByOperatingActivities":245366000,
        "investmentsInPropertyPlantAndEquipment":-6356000,
        "acquisitionsNet":0,
        "purchasesOfInvestments":-1940115000,
        "salesMaturitiesOfInvestments":1285189000,
        "otherInvestingActivities":0,
        "netCashProvidedByInvestingActivities":-661282000,
        "netDebtIssuance":0,
        "longTermNetDebtIssuance":0,
        "shortTermNetDebtIssuance":0,
        "netStockIssuance":0,
        "netCommonStockIssuance":0,
        "commonStockIssuance":0,
        "commonStockRepurchased":0,
        "netPreferredStockIssuance":0,
        "netDividendsPaid":0,
        "commonDividendsPaid":0,
        "preferredDividendsPaid":0,
        "otherFinancingActivities":20733000,
        "netCashProvidedByFinancingActivities":20733000,
        "effectOfForexChangesOnCash":8896000,
        "netChangeInCash":-386287000,
        "cashAtEndOfPeriod":2703597000,
        "cashAtBeginningOfPeriod":3089884000,
        "operatingCashFlow":245366000,
        "capitalExpenditure":-6356000,
        "freeCashFlow":239010000,
        "incomeTaxesPaid":0,
        "interestPaid":0,
        "symbol_2":"SHOP",
        "stockPrice":113.2,
        "numberOfShares":1254549000,
        "marketCapitalization":142008674055,
        "minusCashAndCashEquivalents":2703597000,
        "addTotalDebt":912895000,
        "enterpriseValue":140217972055,
        "revenue_qoq":null,
        "revenue_yoy":null,
        "netIncome_qoq":null,
        "netIncome_yoy":null,
        "operatingCashFlow_qoq":null,
        "operatingCashFlow_yoy":null,
        "eps_qoq":null,
        "eps_yoy":null
    }
]