[
    {
        "date": "2025-12-31",
        "symbol": "INTC",
        "reportedCurrency": "USD",
        "cik": "0000050863",
        "filingDate": "2026-01-23",
        "acceptedDate": "2026-01-23 10:22:51",
        "fiscalYear": "2025",
        "period": "Q4",
        "revenue": 13674000000,
        "costOfRevenue": 8631000000,
        "grossProfit": 5043000000,
        "researchAndDevelopmentExpenses": 3219000000,
        "generalAndAdministrativeExpenses": 0,
        "sellingAndMarketingExpenses": 0,
        "sellingGeneralAndAdministrativeExpenses": 1157000000,
        "otherExpenses": 0,
        "operatingExpenses": 4376000000,
        "costAndExpenses": 13007000000,
        "netInterestIncome": -145000000,
        "interestIncome": 0,
        "interestExpense": 145000000,
        "depreciationAndAmortization": 0,
        "ebitda": 483000000,
        "ebit": 483000000,
        "nonOperatingIncomeExcludingInterest": 184000000,
        "operatingIncome": 667000000,
        "totalOtherIncomeExpensesNet": -329000000,
        "incomeBeforeTax": 338000000,
        "incomeTaxExpense": 671000000,
        "netIncomeFromContinuingOperations": -333000000,
        "netIncomeFromDiscontinuedOperations": 0,
        "otherAdjustmentsToNetIncome": 0,
        "netIncome": -591000000,
        "netIncomeDeductions": 0,
        "bottomLineNetIncome": -591000000,
        "eps": -0.1217,
        "epsDiluted": -0.1217,
        "weightedAverageShsOut": 4856000000,
        "weightedAverageShsOutDil": 4856000000
    },
    {
        "date": "2025-12-27",
        "symbol": "INTC",
        "reportedCurrency": "USD",
        "cik": "0000050863",
        "filingDate": "2026-01-22",
        "acceptedDate": "2026-01-22 16:10:56",
        "fiscalYear": "2025",
        "period": "Q4",
        "revenue": 13674000000,
        "costOfRevenue": 8731000000,
        "grossProfit": 4943000000,
        "researchAndDevelopmentExpenses": 3219000000,
        "generalAndAdministrativeExpenses": 0,
        "sellingAndMarketingExpenses": 0,
        "sellingGeneralAndAdministrativeExpenses": 1174000000,
        "otherExpenses": 0,
        "operatingExpenses": 4393000000,
        "costAndExpenses": 13124000000,
        "netInterestIncome": 0,
        "interestIncome": 0,
        "interestExpense": 0,
        "depreciationAndAmortization": 0,
        "ebitda": 580000000,
        "ebit": 0,
        "nonOperatingIncomeExcludingInterest": 0,
        "operatingIncome": 580000000,
        "totalOtherIncomeExpensesNet": -242000000,
        "incomeBeforeTax": 338000000,
        "incomeTaxExpense": 929000000,
        "netIncomeFromContinuingOperations": 0,
        "netIncomeFromDiscontinuedOperations": 0,
        "otherAdjustmentsToNetIncome": 0,
        "netIncome": -591000000,
        "netIncomeDeductions": 0,
        "bottomLineNetIncome": 0,
        "eps": -0.12,
        "epsDiluted": -0.12,
        "weightedAverageShsOut": 4856000000,
        "weightedAverageShsOutDil": 4856000000
    },
    {
        "date": "2024-12-31",
        "symbol": "INTC",
        "reportedCurrency": "USD",
        "cik": "0000050863",
        "filingDate": "2025-01-31",
        "acceptedDate": "2025-01-31 17:13:51",
        "fiscalYear": "2024",
        "period": "Q4",
        "revenue": 14260000000,
        "costOfRevenue": 8676000000,
        "grossProfit": 5584000000,
        "researchAndDevelopmentExpenses": 3876000000,
        "generalAndAdministrativeExpenses": 0,
        "sellingAndMarketingExpenses": 0,
        "sellingGeneralAndAdministrativeExpenses": 1239000000,
        "otherExpenses": 57000000,
        "operatingExpenses": 5172000000,
        "costAndExpenses": 13848000000,
        "netInterestIncome": 626000000,
        "interestIncome": 822000000,
        "interestExpense": 196000000,
        "depreciationAndAmortization": 2647000000,
        "ebitda": 3480000000,
        "ebit": 833000000,
        "nonOperatingIncomeExcludingInterest": -421000000,
        "operatingIncome": 412000000,
        "totalOtherIncomeExpensesNet": 187000000,
        "incomeBeforeTax": 599000000,
        "incomeTaxExpense": 752000000,
        "netIncomeFromContinuingOperations": -153000000,
        "netIncomeFromDiscontinuedOperations": 0,
        "otherAdjustmentsToNetIncome": 0,
        "netIncome": -126000000,
        "netIncomeDeductions": 0,
        "bottomLineNetIncome": -126000000,
        "eps": -0.0292,
        "epsDiluted": -0.0292,
        "weightedAverageShsOut": 4319000000,
        "weightedAverageShsOutDil": 4319000000
    },
    {
        "date": "2024-12-28",
        "symbol": "INTC",
        "reportedCurrency": "USD",
        "cik": "0000050863",
        "filingDate": "2025-01-31",
        "acceptedDate": "2025-01-31 17:13:51",
        "fiscalYear": "2024",
        "period": "Q4",
        "revenue": 14260000000,
        "costOfRevenue": 8676000000,
        "grossProfit": 5584000000,
        "researchAndDevelopmentExpenses": 3876000000,
        "generalAndAdministrativeExpenses": 383000000,
        "sellingAndMarketingExpenses": 856000000,
        "sellingGeneralAndAdministrativeExpenses": 1239000000,
        "otherExpenses": 57000000,
        "operatingExpenses": 5172000000,
        "costAndExpenses": 13848000000,
        "netInterestIncome": 626000000,
        "interestIncome": 822000000,
        "interestExpense": 196000000,
        "depreciationAndAmortization": 2647000000,
        "ebitda": 3480000000,
        "ebit": 833000000,
        "nonOperatingIncomeExcludingInterest": -421000000,
        "operatingIncome": 412000000,
        "totalOtherIncomeExpensesNet": 187000000,
        "incomeBeforeTax": 599000000,
        "incomeTaxExpense": 752000000,
        "netIncomeFromContinuingOperations": -153000000,
        "netIncomeFromDiscontinuedOperations": 0,
        "otherAdjustmentsToNetIncome": 0,
        "netIncome": -126000000,
        "netIncomeDeductions": 0,
        "bottomLineNetIncome": -126000000,
        "eps": -0.0292,
        "epsDiluted": -0.0292,
        "weightedAverageShsOut": 4319000000,
        "weightedAverageShsOutDil": 4319000000
    },
    {
        "date": "2023-12-31",
        "symbol": "INTC",
        "reportedCurrency": "USD",
        "cik": "0000050863",
        "filingDate": "2024-01-26",
        "acceptedDate": "2024-01-25 18:38:16",
        "fiscalYear": "2023",
        "period": "Q4",
        "revenue": 15406000000,
        "costOfRevenue": 8359000000,
        "grossProfit": 7047000000,
        "researchAndDevelopmentExpenses": 3987000000,
        "generalAndAdministrativeExpenses": 0,
        "sellingAndMarketingExpenses": 0,
        "sellingGeneralAndAdministrativeExpenses": 1617000000,
        "otherExpenses": -1142000000,
        "operatingExpenses": 4462000000,
        "costAndExpenses": 12821000000,
        "netInterestIncome": 89000000,
        "interestIncome": 356000000,
        "interestExpense": 267000000,
        "depreciationAndAmortization": 2513000000,
        "ebitda": 5568000000,
        "ebit": 3055000000,
        "nonOperatingIncomeExcludingInterest": -470000000,
        "operatingIncome": 2585000000,
        "totalOtherIncomeExpensesNet": 203000000,
        "incomeBeforeTax": 2788000000,
        "incomeTaxExpense": 128000000,
        "netIncomeFromContinuingOperations": 2660000000,
        "netIncomeFromDiscontinuedOperations": 0,
        "otherAdjustmentsToNetIncome": 0,
        "netIncome": 2669000000,
        "netIncomeDeductions": 0,
        "bottomLineNetIncome": 2669000000,
        "eps": 0.63,
        "epsDiluted": 0.63,
        "weightedAverageShsOut": 4222000000,
        "weightedAverageShsOutDil": 4260000000
    },
    {
        "date": "2022-12-31",
        "symbol": "INTC",
        "reportedCurrency": "USD",
        "cik": "0000050863",
        "filingDate": "2023-01-27",
        "acceptedDate": "2023-01-26 18:31:20",
        "fiscalYear": "2022",
        "period": "Q4",
        "revenue": 14042000000,
        "costOfRevenue": 8542000000,
        "grossProfit": 5500000000,
        "researchAndDevelopmentExpenses": 4464000000,
        "generalAndAdministrativeExpenses": 0,
        "sellingAndMarketingExpenses": 0,
        "sellingGeneralAndAdministrativeExpenses": 1706000000,
        "otherExpenses": 462000000,
        "operatingExpenses": 6632000000,
        "costAndExpenses": 15174000000,
        "netInterestIncome": 125000000,
        "interestIncome": 274000000,
        "interestExpense": 149000000,
        "depreciationAndAmortization": 3287000000,
        "ebitda": 2640000000,
        "ebit": -647000000,
        "nonOperatingIncomeExcludingInterest": -485000000,
        "operatingIncome": -1132000000,
        "totalOtherIncomeExpensesNet": 336000000,
        "incomeBeforeTax": -796000000,
        "incomeTaxExpense": -135000000,
        "netIncomeFromContinuingOperations": -661000000,
        "netIncomeFromDiscontinuedOperations": 0,
        "otherAdjustmentsToNetIncome": -3000000,
        "netIncome": -664000000,
        "netIncomeDeductions": 0,
        "bottomLineNetIncome": -664000000,
        "eps": -0.16,
        "epsDiluted": -0.16,
        "weightedAverageShsOut": 4133000000,
        "weightedAverageShsOutDil": 4133000000
    },
    {
        "date": "2021-12-31",
        "symbol": "INTC",
        "reportedCurrency": "USD",
        "cik": "0000050863",
        "filingDate": "2022-01-27",
        "acceptedDate": "2022-01-26 18:34:53",
        "fiscalYear": "2021",
        "period": "Q4",
        "revenue": 20528000000,
        "costOfRevenue": 9519000000,
        "grossProfit": 11009000000,
        "researchAndDevelopmentExpenses": 4049000000,
        "generalAndAdministrativeExpenses": 0,
        "sellingAndMarketingExpenses": 0,
        "sellingGeneralAndAdministrativeExpenses": 1942000000,
        "otherExpenses": 29000000,
        "operatingExpenses": 5991000000,
        "costAndExpenses": 15510000000,
        "netInterestIncome": -101000000,
        "interestIncome": 33000000,
        "interestExpense": 134000000,
        "depreciationAndAmortization": 3074000000,
        "ebitda": 8402000000,
        "ebit": 5328000000,
        "nonOperatingIncomeExcludingInterest": -310000000,
        "operatingIncome": 5018000000,
        "totalOtherIncomeExpensesNet": 176000000,
        "incomeBeforeTax": 5194000000,
        "incomeTaxExpense": 571000000,
        "netIncomeFromContinuingOperations": 4623000000,
        "netIncomeFromDiscontinuedOperations": 0,
        "otherAdjustmentsToNetIncome": 0,
        "netIncome": 4623000000,
        "netIncomeDeductions": 0,
        "bottomLineNetIncome": 4623000000,
        "eps": 1.14,
        "epsDiluted": 1.13,
        "weightedAverageShsOut": 4069000000,
        "weightedAverageShsOutDil": 4095000000
    },
    {
        "date": "2020-12-31",
        "symbol": "INTC",
        "reportedCurrency": "USD",
        "cik": "0000050863",
        "filingDate": "2021-01-22",
        "acceptedDate": "2021-01-21 19:06:04",
        "fiscalYear": "2020",
        "period": "Q4",
        "revenue": 19978000000,
        "costOfRevenue": 8835000000,
        "grossProfit": 11143000000,
        "researchAndDevelopmentExpenses": 3655000000,
        "generalAndAdministrativeExpenses": 0,
        "sellingAndMarketingExpenses": 0,
        "sellingGeneralAndAdministrativeExpenses": 1757000000,
        "otherExpenses": 17000000,
        "operatingExpenses": 5412000000,
        "costAndExpenses": 14247000000,
        "netInterestIncome": -105000000,
        "interestIncome": 43000000,
        "interestExpense": 148000000,
        "depreciationAndAmortization": 3003000000,
        "ebitda": 10639000000,
        "ebit": 7636000000,
        "nonOperatingIncomeExcludingInterest": -1905000000,
        "operatingIncome": 5731000000,
        "totalOtherIncomeExpensesNet": 1757000000,
        "incomeBeforeTax": 7488000000,
        "incomeTaxExpense": 1631000000,
        "netIncomeFromContinuingOperations": 5857000000,
        "netIncomeFromDiscontinuedOperations": 0,
        "otherAdjustmentsToNetIncome": 0,
        "netIncome": 5857000000,
        "netIncomeDeductions": 0,
        "bottomLineNetIncome": 5857000000,
        "eps": 1.43,
        "epsDiluted": 1.42,
        "weightedAverageShsOut": 4094000000,
        "weightedAverageShsOutDil": 4119000000
    }
]